2313 3094
989 290 1208 324 -19-

208 388 282 428 post
305 395 414 420 vocem
438 386 548 432 Πέρση
572 386 828 429 interpungitur3
863 386 966 419 altero
989 386 1058 419 loco
1080 362 1109 418 vl
1127 385 1207 426 629,
1231 386 1286 419 ubi
1309 385 1432 428 legitur
1454 385 1607 431 πηδαλιὸν
1630 384 1659 417 δ’
1685 384 1818 428 εὐεργὲς
1841 385 1920 418 nihil
1944 385 1998 418 de-

208 442 416 479 monstratur,
439 450 536 481 quum
560 441 621 473 hoc
644 440 834 474 vocabulum
858 439 990 482 εὖεργές
1012 439 1076 472 iam
1099 439 1185 481 apud
1207 438 1383 473 Homerum
1408 442 1521 473 exstet.

363 500 406 532 11.
441 500 565 534 Deinde
588 500 713 534 duobus
736 500 814 534 locis
834 500 976 534 occurrit
998 508 1059 532 vox
1083 499 1227 542 εῑάρινος.
1264 500 1328 533 Sed
1352 509 1390 533 ex
1414 509 1509 533 versu
1533 499 1595 532 682
1619 499 1701 532 nihil
1725 499 1873 533 concludi
1889 502 1997 541 potest

210 558 243 588 et
265 565 293 587 v.
312 554 375 586 678
400 553 491 587 elisio
514 553 601 587 facta
624 557 674 587 est
697 553 791 591 ἄλλος
814 554 843 586 δ’
861 554 1008 597 εῖάρινος.
1043 552 1191 586 Flachius
1215 552 1344 595 quidem
1367 553 1428 587 hoc
1450 553 1519 587 loco
1542 556 1648 586 mutat
1662 552 1830 596 fezapcubg
1846 551 1875 584 δ’
1891 552 1995 591 ἄλλος,

208 608 264 641 sed
288 616 419 640 causam
442 607 522 640 satis
545 616 677 648 gravem
699 616 764 640 non
787 607 908 640 attulit.
954 606 1007 648 (cf.
1032 605 1150 638 Rzach.
1174 603 1250 638 Hes.
1275 605 1406 639 Unters.
1430 616 1461 647 p.
1479 605 1545 647 50.)

364 667 422 701 111.
457 668 525 702 Nec
546 678 663 702 nomen
686 667 771 705 οἶκος
793 667 890 701 ullam
914 667 1121 701 offensionem
1144 667 1286 708 praebet.
1333 667 1504 709 Repugnat
1526 667 1611 700 enim
1635 667 1841 709 digammatis
1865 667 1997 700 restitu-

210 721 291 756 tioni
314 732 343 756 v.
360 720 424 754 632
448 719 638 755 ἐντύνασθαι
661 720 701 753 ἵν’
725 719 847 761 οἴκαδε,
871 730 945 754 nam
960 720 1084 754 Flachii
1106 719 1369 754 violentissimam
1393 720 1601 754 mutationem
1625 720 1760 752 ἐντόνειν
1784 720 1833 752 ἵνα
1856 719 1997 762 ,Ὲοῖκαόε

209 775 282 817 quis
305 777 356 808 est
378 774 433 814 qui
456 773 593 815 probet?

370 826 419 860 De
442 826 534 860 hiatu
557 829 677 868 autem,
700 826 756 869 qui
779 829 830 860 est
853 836 882 859 v.
908 826 971 859 627
996 825 1059 869 τέῳ
1083 823 1247 856 ἐνικάτθεο
1271 823 1350 867 οἴκῳ
1375 824 1566 857 monendum
1590 828 1650 864 est,
1674 834 1692 857 o
1716 825 1837 858 vocalis
1860 826 1996 866 impera—

209 881 276 921 tivi,
300 880 356 923 qui
380 879 498 913 desinit
520 880 552 912 in
575 891 646 918 -εο,
674 880 821 921 quamvis
844 878 931 921 apud
954 879 1130 912 Homerum
1153 887 1381 919 nonnunquam
1405 876 1568 911 elisionem
1591 878 1751 919 patiatur,
1779 878 1838 911 hoc
1862 879 1932 911 loco
1956 878 1996 910 de

209 933 404 975 digammate
428 943 490 966 non
515 942 585 965 esse
608 932 825 974 cogitandum,
849 932 935 973 quod
958 932 1054 965 huius
1077 930 1233 964 formulae
1256 929 1418 970 exemplar
1441 929 1528 970 apud
1545 929 1719 961 Homerum
1743 928 1844 961 Ξ219
1861 929 1996 961 inveniri

208 994 302 1018 nemo
325 985 462 1027 ignorat.
509 984 614 1025 Quum
637 987 808 1026 praeterea
830 987 968 1017 metrum
997 983 1121 1017 elisioni
1151 983 1281 1028 obstare
1308 981 1470 1022 videatur,
1501 981 1534 1014 id
1562 981 1671 1023 potius
1701 982 1909 1015 statuendum
1938 984 1996 1021 est,

209 1040 339 1079 poetam
362 1037 458 1071 huius
481 1038 600 1079 partiS,
631 1046 731 1078 quum
753 1036 845 1069 illum
867 1036 977 1069 Iliadis
998 1036 1103 1070 locum
1135 1035 1196 1068 sibi
1224 1034 1463 1076 proposuisset,
1493 1043 1588 1074 quem
1617 1033 1817 1073 imitaretur,
1847 1034 1997 1066 maluisse

209 1090 334 1124 hiatum
357 1091 538 1131 admittere,
563 1100 658 1133 quam
683 1089 811 1132 longius
834 1089 875 1122 ab
899 1088 1040 1121 Homero
1063 1087 1223 1121 recedere.
1258 1086 1371 1127 Neque
1394 1085 1571 1126 quidquam
1595 1095 1634 1118 ex
1656 1085 1794 1119 formula
1816 1085 1872 1118 illa
1888 1095 1916 1117 v.
1934 1085 1997 1117 673

210 1142 300 1175 πάλιν
321 1142 445 1175 οἶκόνδε
474 1142 604 1175 νέεσθαι
626 1143 697 1176 erui
719 1144 836 1184 potest,
859 1150 933 1174 nam
956 1141 1141 1174 sollemnem
1163 1138 1358 1173 homericam
1381 1138 1556 1172 clausulam
1580 1148 1651 1172 esse
1673 1141 1764 1180 patet
1786 1148 1825 1171 ex
1848 1138 1898 1170 his
1922 1138 1998 1171 locis

211 1196 306 1233 <110
330 1195 434 1229 2189
458 1195 498 1230 cf.
523 1196 625 1240 ,0354
649 1195 751 1239 ᾠ292
775 1194 890 1228 8290.
914 1194 989 1227 354.
1014 1193 1077 1227 357
1106 1192 1203 1225 T390
1233 1191 1345 1224 Ψ229.

367 1259 424 1292 IV.
459 1259 660 1300 Quamquam
684 1267 794 1291 omnes
822 1257 1028 1291 consentiunt
1055 1256 1095 1289 de
1122 1255 1316 1297 digammate
1347 1253 1434 1287 vocis
1463 1252 1563 1294 οἶνος,
1596 1253 1681 1295 quod
1710 1253 1808 1286 etiam
1836 1252 1869 1285 in
1901 1253 1996 1285 huius

209 1312 311 1354 partis
335 1321 431 1345 versu
455 1311 518 1343 622
542 1311 633 1345 hiatu
656 1310 750 1353 prodi
774 1310 884 1343 dicunt
906 1309 939 1342 in
962 1308 1100 1342 formula
1123 1307 1167 1340 ἐνὶ
1190 1305 1289 1339 οἴνοπι
1312 1304 1434 1350 πόντῳ,
1463 1309 1570 1340 tamen
1594 1315 1652 1348 ego
1677 1306 1736 1339 hoc
1764 1305 1894 1346 quidem
1926 1304 1996 1337 loco

209 1364 332 1397 nullum
356 1363 560 1405 digammatis
588 1363 742 1396 indicium
771 1372 920 1404 agnosco.
967 1362 1050 1395 Nam
1080 1364 1265 1402 praeterea,
1294 1360 1380 1401 quod
1411 1359 1457 1390 ἐνί
1482 1359 1680 1400 praepositio
1709 1358 1796 1400 apud
1820 1358 1995 1391 Homerum

208 1425 337 1458 quoque
360 1415 547 1457 saepissime
570 1425 633 1449 non
658 1414 797 1453 eliditur,
821 1414 1006 1448 sollemnem
1029 1412 1199 1447 formulam
1223 1411 1418 1445 homericam
1442 1410 1496 1443 illa
1519 1411 1688 1444 verborum
1706 1409 1909 1451 copulatione
1926 1419 1998 1442 con—

209 1469 306 1502 tineri
329 1470 392 1502 iam
416 1478 515 1510 supra
538 1468 676 1502 vidimus
699 1468 739 1501 cf.
763 1469 814 1501 ad.
840 1478 870 1501 v.
889 1468 962 1500 622.
1002 1466 1125 1500 Versus
1149 1466 1258 1498 autem
1282 1463 1345 1494 674
1368 1462 1401 1495 in
1426 1465 1597 1503 utramque
1620 1465 1746 1503 partem
1770 1461 1853 1494 verti
1877 1464 1995 1503 potest,

209 1521 296 1562 quod
319 1520 459 1555 occurrit
478 1520 564 1564 μηδὲ
585 1519 692 1562 μένειν
715 1519 809 1551 οἶνον.

368 1584 406 1617 V.
441 1582 577 1616 Constat
591 1582 745 1616 vocabula
760 1582 826 1622 illa,
842 1590 925 1623 quae
940 1581 980 1615 ad
997 1580 1137 1613 radicem
1146 1579 1228 1621 ,Ι-ἐλκ
1243 1578 1415 1620 pertinent,
1436 1577 1632 1618 digammate
1647 1575 1722 1608 olim
1739 1584 1810 1608 esse
1826 1575 1996 1608 instructa.

209 1635 272 1670 Sed
296 1635 442 1678 neglecta
466 1638 515 1669 est
538 1635 592 1669 illa
615 1635 710 1669 litera
732 1644 762 1668 v.
779 1634 842 1667 639
866 1633 934 1678 ἄγχ’
952 1631 1114 1670 Ἑλικῶνος
1138 1636 1170 1666 et
1199 1642 1237 1666 ex
1269 1639 1364 1665 versu
1382 1629 1445 1662 658
1470 1627 1610 1665 Μούσαις
1630 1624 1887 1659 Ἑλικωνιάδεσσ’
1917 1628 1996 1660 nihil

210 1689 316 1731 colligi
338 1694 454 1732 potest.

369 1752 424 1784 VI.
461 1751 606 1792 Denique
628 1760 732 1793 pauca
755 1750 872 1784 addam
896 1749 937 1783 de
958 1748 1075 1791 insigni
1098 1746 1199 1781 torma
1222 1744 1383 1783 καύαξαις,
1408 1753 1492 1786 quae
1515 1743 1678 1776 invenitur
1701 1752 1752 1775 vv.
1771 1743 1845 1775 666.
1870 1741 1995 1774 693.—

210 1803 280 1836 Viri
305 1804 391 1837 docti
414 1805 498 1838 inter
521 1814 555 1837 se
579 1804 785 1837 consentiunt
806 1803 888 1837 hanc
910 1803 1045 1836 formam
1069 1801 1262 1843 digammate
1285 1798 1486 1841 aptissimam
1509 1797 1628 1830 habere
1658 1797 1912 1837 explicationem.
1960 1796 1997 1828 In

210 1856 445 1904 verbo-drumm
468 1857 552 1889 enim
576 1867 648 1890 cum
672 1858 752 1888 κατά
773 1855 1012 1897 praepositione
1036 1853 1213 1895 composito
1238 1862 1276 1885 ex
1293 1851 1464 1896 κατῘάξαις
1481 1851 1592 1883 eodem
1609 1849 1715 1889 modo,
1739 1858 1802 1890 quo
1820 1848 1996 1889 καββάλλω

210 1920 249 1943 ex
273 1909 441 1951 κατβάλλω
465 1908 536 1943 fieri
559 1909 744 1951 xaffdffacc,
768 1909 857 1943 cuius
880 1908 1002 1942 formae
1025 1907 1142 1948 duplex
1158 1906 1327 1947 digamma,
1350 1912 1449 1944 quum
1465 1902 1572 1935 minus
1590 1901 1682 1935 facile
1698 1901 1827 1943 neglegi
1844 1901 1996 1943 potuerit,

209 1963 295 1996 haud
318 1963 415 1996 dubie
440 1963 496 1996 diu
519 1967 682 1996 servatum
706 1962 751 1995 sit
773 1965 806 1995 et
827 1964 990 2003 postremo
1013 1960 1045 1993 in
1063 1971 1080 1991 υ
1096 1959 1236 1991 litteram
1253 1956 1429 1990 transierit.
1466 1954 1540 1994 Alii,
1565 1963 1646 1995 quos
1663 1954 1849 1994 nuperrime
1866 1957 1997 1986 secutus

210 2019 260 2049 est
282 2016 442 2049 Rzachius
467 2016 520 2058 (de
544 2014 620 2049 dial.
645 2015 721 2049 Hes.
745 2025 776 2056 p.
793 2014 871 2056 387)
893 2014 1078 2047 statuerunt
1101 2022 1140 2045 ex
1163 2010 1377 2052 καταῘάγνυμι
1400 2018 1458 2050 per
1481 2017 1645 2049 apocopen
1669 2007 1787 2040 factam
1813 2015 1883 2040 esse
1902 2006 1995 2047 καῘά-

210 2070 278 2105 ξαις
301 2072 338 2101 ut
361 2079 400 2102 ex
423 2070 653 2111 κατακτάμεναι
677 2068 742 2110 (Sc.
760 2068 855 2100 Herc.
873 2066 951 2108 453)
976 2065 1173 2107 κακτάμεναι,
1198 2068 1266 2096 tum
1291 2073 1330 2096 ex
1354 2061 1532 2102 consonas
1549 2059 1690 2093 evasisse
1706 2060 1849 2093 vocalem
1869 2072 1895 2091 υ.
1932 2059 1996 2092 Sed

209 2131 285 2154 num
309 2132 347 2155 ex
370 2122 428 2155 hac
452 2121 554 2155 forma
578 2122 618 2154 de
641 2120 933 2161 vivo,digammate
956 2118 1101 2152 concludi
1125 2117 1242 2158 possit,
1274 2116 1425 2149 dubitare
1449 2115 1534 2148 licet.
1582 2114 1663 2146 Nam
1693 2124 1791 2155 quum
1821 2114 1907 2154 apud
1931 2113 1995 2146 Ho-

210 2184 332 2208 merum
356 2174 517 2215 digamma
540 2174 629 2206 verbi
653 2173 764 2215 ἄγνυμι
787 2171 948 2205 nonnullis
971 2170 1050 2204 locis
1073 2170 1253 2211 neglectum
1278 2168 1331 2209 sit,
1354 2168 1530 2201 verisimile
1553 2170 1603 2200 est
1619 2168 1681 2199 iam
1699 2168 1767 2199 eius
1784 2170 1891 2204 aetate
1908 2166 1994 2198 illam

210 2237 382 2261 consonam
406 2226 577 2260 evanuisse
600 2235 701 2268 eoque
724 2224 826 2266 magis
850 2223 983 2257 Hesiodi
1006 2225 1123 2255 aetate.

365 2278 403 2311 In
427 2279 487 2312 hac
510 2281 617 2312 autem
642 2281 734 2320 parte
757 2285 860 2319 pauca
883 2275 1107 2309 tantummodo
1136 2274 1362 2314 inveniuntur,
1392 2283 1475 2315 quae
1507 2273 1547 2306 ab
1577 2273 1737 2305 homerico
1763 2272 1994 2305 consuetudine

208 2340 339 2373 prorsus
362 2332 546 2365 abhorrent.

369 2393 396 2424 1.
427 2393 595 2434 Leguntur
619 2392 701 2424 duae
725 2390 899 2424 accusativi
922 2389 1055 2431 pluralis
1079 2389 1199 2422 formae
1222 2390 1255 2421 in
1279 2400 1317 2426 ας
1340 2388 1550 2423 terminantes
1575 2398 1603 2420 v.
1619 2388 1681 2420 663
1703 2388 1786 2429 μετὰ
1804 2387 1924 2429 τροπὰς
1940 2387 1992 2430 ἠε-

208 2445 284 2477 λίοιο
308 2448 341 2479 et
364 2455 392 2478 v.
417 2445 480 2477 675
505 2444 619 2485 δεινάς,
642 2444 675 2477 in
700 2444 816 2486 quibus
839 2443 1043 2477 Doriensium
1066 2452 1155 2476 more
1178 2442 1296 2475 vocalis
1320 2454 1340 2473 α
1364 2445 1512 2483 correpta
1536 2443 1594 2474 est.

366 2498 397 2530 2.
426 2497 567 2531 Offendit
589 2507 685 2539 quam
709 2496 856 2537 maxime,
881 2496 966 2538 quod
989 2496 1023 2528 in
1047 2496 1208 2530 codicibus
1232 2506 1260 2528 v.
1286 2496 1348 2527 646
1373 2495 1527 2537 scriptum
1552 2497 1601 2527 est
1626 2493 1688 2526 sar*
1713 2494 1760 2526 ἄν.
1806 2493 1897 2527 Hanc
1922 2504 1991 2526 con-

1781 2546 1816 2574 3*

814 3086 1032 3094 -..Q-*An*
1032 3085 1067 3094 n-r.
1073 3090 1126 3094 Am..
1131 3090 1193 3094 „m—
1199 3092 1203 3094 ,
1209 3092 1213 3094 .
