2313 3094
962 316 1181 349 ,23-

180 423 284 458 neque
307 415 393 458 apud
416 414 591 448 Homerum
615 422 719 455 neque
741 413 829 455 apud
852 413 950 447 alium
973 416 1100 456 poetam
1119 433 1157 437 —
1174 413 1237 447 nisi
1260 413 1345 454 qnod
1369 411 1514 457 ἐπαίνημι
1536 412 1624 455 apud
1647 410 1845 446 Simonidem
1869 410 1970 445 Ceum

179 467 342 502 invenitur
371 487 415 492 —
445 467 650 501 haec.forma
672 477 732 509 pro
756 467 883 509 vulgari
905 467 1001 499 αἰνέω
1025 469 1075 501 est
1097 467 1212 508 posita.
1258 466 1385 500 Similes
1408 465 1526 499 formas
1550 466 1726 508 praecipue
1749 465 1791 498 ab
1817 465 1969 498 Aeolibus

179 523 352 562 usurpatas
376 528 447 552 esse
471 519 564 552 docet
587 518 764 551 Ahrensius
788 519 828 552 de
852 518 927 551 dial.
950 518 1032 552 aeol.
1056 528 1086 560 p.
1105 519 1167 552 134
1179 528 1226 561 sq.
1251 518 1304 562 (cf.
1329 518 1447 552 Rzach.
1472 519 1511 552 de
1535 518 1611 552 dial.
1636 518 1714 551 Hes.
1738 518 1828 560 437).

211 562 220 570 ⁸
338 572 372 613 3)
398 571 537 604 Maxime
560 574 668 605 autem
692 573 813 605 erravit
835 572 988 611 Fietkau‚
1019 581 1117 613 quum
1141 574 1271 612 putaret
1295 572 1340 612 (p.
1359 571 1413 612 16)
1438 567 1517 615 τάχα
1541 581 1569 603 v.
1587 571 1647 602 721
1674 570 1861 612 significare
1887 570 1971 602 ›for-

178 630 299 658 tasse‹.
332 624 471 658 Tantum
486 624 588 664 abest,
612 627 649 658 ut
664 623 752 657 illam
773 624 965 658 sententiam
987 624 1116 663 habeat,
1140 626 1177 656 ut
1200 624 1260 657 hoc
1283 624 1353 657 loco
1377 623 1480 656 altera
1511 622 1703 665 significatio
1727 623 1868 656 maxime
1894 632 1972 664 qua—

180 677 276 710 drare
298 676 457 709 videatur.

337 728 372 771 4)
396 728 518 762 Contra
542 739 634 762 usum
658 729 865 764 Homericum
897 729 1099 763 conformata
1129 731 1205 762 sunt
1228 739 1257 761 v.
1283 728 1346 761 792
1372 728 1465 765 πλέος
1488 731 1522 761 et
1544 738 1572 760 v.
1598 729 1662 761 744
1686 727 1824 770 τιθέμεν.
1873 727 1969 769 Apud

180 781 357 814 Homerum
381 781 467 814 enim
489 781 642 822 leguntur
665 782 770 819 πλεῖος
794 785 828 815 et
851 780 1026 826 τιθήμεναι.

336 834 370 876 5)
395 833 583 867 Coniunctio
607 834 763 868 vocalium
789 847 844 875 εοι,
868 844 951 876 quae
973 835 1059 877 apud
1084 835 1257 868 Homerum
1281 844 1439 877 nusquam
1472 837 1631 874 mutatur,
1661 838 1711 868 est
1741 837 1908 868 contracta
1933 834 1967 867 in

180 887 283 921 forma
306 889 437 930 γαμοῖτο
463 897 491 921 v.
514 887 588 921 698.

337 940 371 981 6)
395 940 507 980 Neque
530 941 615 981 apud
639 941 814 974 Homerum
838 936 942 981 neque
965 942 1052 981 apud
1075 940 1173 973 alium
1197 939 1318 973 Graeci
1341 940 1497 973 sermonis
1524 941 1715 981 scriptorem
1748 940 1853 973 forma
1882 951 1964 983 τριη-

181 992 310 1031 κόντων,
333 1002 428 1035 quam
452 1002 482 1025 v.
499 993 562 1026 696
586 994 775 1036 invenimus,
797 993 927 1036 legitur.
962 994 1053 1034 Quae
1075 992 1179 1026 forma
1201 1003 1298 1036 quum
1324 1003 1343 1026 a
1366 993 1526 1027 communi
1549 992 1707 1026 sermonis
1731 992 1966 1025 consuetudine

177 1054 310 1086 prorsus
333 1045 518 1085 abhorreat,
546 1046 599 1077 illo
623 1047 693 1079 loco
716 1048 851 1079 alteram
875 1048 1068 1087 scripturam
1092 1046 1258 1089 τριήκοντα
1281 1046 1442 1078 nonnullis
1458 1045 1621 1077 codicibus
1637 1044 1858 1077 confirmatam
1876 1053 1967 1084 prae-

176 1097 340 1131 ferendam
356 1106 427 1130 esse
443 1092 655 1131 recentiorum
673 1098 796 1139 primus
812 1099 937 1141 putavit
952 1097 1137 1139 Bentleysus‚
1160 1106 1255 1138 quem
1272 1107 1374 1139 nuper
1389 1089 1663 1131 Foerstemannus
1680 1096 1720 1130 de
1737 1096 1813 1129 dial.
1829 1096 1906 1129 Hes.
1923 1096 1965 1128 26

177 1155 210 1182 et
232 1149 382 1182 Flachius
405 1149 531 1191 Proleg.
556 1160 586 1191 p.
603 1151 656 1182 40.
682 1152 723 1183 53
747 1152 849 1184 secuti
873 1154 959 1184 sunt.
994 1151 1085 1183 Hanc
1108 1150 1276 1182 lectionem
1301 1151 1384 1182 enim
1407 1153 1579 1191 propterea
1604 1150 1714 1191 paullo
1738 1148 1864 1182 facilius
1888 1149 1967 1181 tole-

177 1201 243 1234 rari
266 1211 375 1243 posse,
406 1201 491 1243 quod
515 1212 575 1235 vox
603 1212 741 1244 sequens
772 1202 872 1234 ἐτέων
901 1203 1080 1244 antiquitus
1103 1212 1123 1235 a
1145 1202 1341 1244 digammate
1370 1202 1497 1235 initium
1527 1202 1651 1243 cepisse
1681 1204 1855 1235 constaret.
1902 1200 1966 1233 Sed

176 1254 279 1295 primo
302 1254 539 1286 concedendum
563 1258 622 1294 est,
647 1256 743 1288 etiam
767 1256 813 1288 sic
835 1255 923 1288 illam
947 1255 1064 1288 vocalis
1080 1257 1101 1286 ἄ
1117 1255 1359 1295 productionem
1383 1264 1454 1287 esse
1475 1255 1642 1287 molestam
1660 1258 1694 1287 et
1710 1253 1855 1286 nonnihil
1870 1253 1965 1285 offen-

176 1307 273 1339 sionis
290 1306 408 1338 habere
432 1307 488 1347 (—
501 1316 575 1338 nam
591 1307 676 1347 quod
692 1307 852 1340 Rzachius
869 1307 972 1346 affert,
996 1308 1107 1340 eodem
1123 1307 1217 1339 modo
1234 1319 1254 1337 α
1270 1307 1404 1347 produci
1427 1308 1459 1339 in
1480 1306 1565 1348 μέγᾶ
1581 1306 1722 1350 Ῐιαχων,
1746 1305 1876 1338 levioris
1900 1315 1965 1338 mo-

175 1357 274 1391 menti
297 1367 368 1390 esse
392 1357 467 1389 inde
489 1361 633 1398 apparet,
657 1359 743 1398 quod
764 1358 848 1400 μέγα
857 1359 982 1402 ,Ιῑιάχων
1005 1358 1141 1391 formula
1164 1362 1214 1391 est
1237 1359 1406 1397 homerica,
1432 1361 1468 1390 ut
1491 1358 1576 1391 infra
1599 1358 1891 1391 demonstrabimus
1908 1358 1964 1398 -—)

176 1412 292 1445 deinde
316 1410 394 1442 mihi
417 1410 547 1450 quidem
571 1420 633 1443 non
650 1414 700 1443 est
717 1411 850 1444 dubium
866 1411 961 1443 huius
978 1419 1091 1443 versus
1106 1413 1280 1450 auctorem,
1305 1410 1390 1451 quod
1408 1410 1568 1451 digamma
1582 1411 1668 1442 vocis
1685 1409 1756 1446 ἔτος
1773 1409 1804 1442 ei
1819 1410 1966 1450 ignotum

176 1459 254 1503 erat,
279 1469 381 1496 metro
406 1473 477 1497 esse
500 1466 646 1497 coactum
670 1464 758 1497 illum
783 1464 1021 1497 memorabilem
1045 1462 1229 1504 genetivum
1254 1463 1444 1506 τριηκόντων
1461 1462 1595 1495 Aeolum
1618 1472 1706 1495 more
1730 1461 1965 1495 conformatum

177 1518 219 1559 (v.
245 1516 361 1549 Rzach.
386 1516 405 1548 l.
431 1516 451 1548 l.
476 1526 506 1558 p.
525 1517 603 1559 424)
628 1526 796 1558 usurpare.

333 1568 505 1611 Reliquum
530 1572 589 1609 est,
614 1572 650 1602 ut
674 1568 817 1611 singulas
842 1569 951 1609 partes
974 1568 1058 1600 inter
1080 1577 1115 1600 se
1139 1577 1332 1609 comparem.

334 1622 371 1652 In
396 1624 506 1653 nostro
529 1622 670 1653 carmine
694 1630 756 1653 non
781 1630 891 1653 omnes
914 1623 1022 1661 partes
1046 1620 1157 1652 eodem
1180 1620 1251 1653 iure
1275 1620 1416 1653 Hesiodo
1440 1623 1498 1652 aut
1521 1620 1548 1651 si
1572 1620 1643 1660 quis
1666 1620 1749 1651 alius
1781 1624 1876 1660 poeta
1907 1620 1967 1652 hoc

175 1682 303 1706 carmen
334 1673 513 1714 composuit
543 1671 658 1713 tribui,
689 1672 796 1713 potius
827 1672 907 1705 duas
936 1674 1046 1714 partes
1078 1673 1178 1713 magis
1208 1682 1303 1714 quam
1334 1675 1457 1706 ceteras
1482 1672 1687 1705 Homericum
1713 1672 1840 1705 dicendi
1864 1681 1966 1713 genus

173 1727 352 1767 exprimere
376 1727 438 1758 iam
463 1735 562 1766 supra
585 1726 812 1758 demonstravi.
859 1725 993 1757 Praeter
1016 1725 1087 1756 illas
1111 1728 1219 1757 autem
1244 1726 1325 1757 duas
1349 1729 1458 1766 partes
1489 1735 1598 1757 omnes
1628 1725 1807 1765 aequaliter
1835 1725 1876 1756 ad
1900 1724 1966 1756 Ho-

174 1779 292 1811 merica
316 1778 458 1811 carmina
481 1778 634 1811 accedere
657 1781 748 1819 patet
771 1788 810 1809 ex
833 1777 892 1810 hac
915 1777 1041 1810 tacula:
1992 1773 1998 1775 ⁴

211 1839 364 1872 Continet
627 1849 676 1871 vv.
700 1839 733 1871 in
757 1838 848 1871 form.
873 1839 967 1871 Hom.
992 1842 1118 1871 exeunt.
1585 1848 1651 1871 voc.
1677 1847 1740 1870 non
1765 1838 1857 1870 Hom.

177 1892 208 1932 l)
233 1902 280 1933 pr.
305 1900 380 1933 pars
404 1892 546 1932 (1—41.
571 1891 771 1932 201-285)
796 1901 825 1923 v.
846 1891 906 1923 125
958 1914 1320 1923 ...............
1346 1893 1384 1923 41
1457 1915 1874 1923 .................
1921 1892 1964 1923 40

471 1944 527 1985 (42
539 1962 575 1966 -
587 1944 663 1985 106)
688 1954 716 1975 v.
735 1944 775 1975 65
849 1967 1315 1975 ...................
1341 1945 1382 1976 35
1450 1967 1873 1976 .................
1944 1944 1963 1975 6

471 1996 684 2039 (106-201)
708 2005 736 2029 v.
754 1996 795 2029 95
870 2020 1310 2030 ..................
1335 1998 1377 2030 46
1454 2021 1872 2030 .................
1920 1997 1958 2028 21

174 2051 207 2092 2)
230 2050 285 2082 alt.
309 2059 384 2091 pars
409 2050 624 2091 (285-383)
648 2060 676 2081 v.
694 2050 734 2081 97
866 2073 1310 2082 ..................
1336 2052 1377 2082 26
1447 2074 1872 2082 .................
1919 2051 1962 2081 44

173 2102 207 2144 3)
231 2104 305 2135 tert.
330 2110 405 2143 pars
429 2101 642 2144 (384—617)
666 2112 695 2134 v.
714 2101 778 2134 234
888 2126 1310 2136 .................
1335 2104 1376 2135 57
1450 2126 1872 2135 .................
1900 2103 1961 2134 117

173 2154 207 2196 4)
231 2164 321 2195 quar.
346 2164 422 2195 pars
440 2155 660 2197 (617—693)
685 2164 713 2186 v.
732 2154 773 2187 86
863 2178 1306 2186 ..................
1332 2154 1373 2186 35
1447 2178 1870 2186 .................
1921 2154 1960 2186 19

173 2207 207 2248 5)
231 2217 284 2248 qu.
309 2216 384 2247 pars
409 2207 622 2248 (694—828)
646 2216 675 2238 v.
695 2207 757 2238 134
832 2230 1308 2238 ...................
1334 2206 1376 2238 30
1450 2229 1872 2237 .................
1919 2206 1961 2236 47

331 2259 410 2293 Illae
434 2260 516 2293 duae
539 2263 647 2302 partes
670 2260 710 2293 ab
735 2259 798 2293 alio
821 2262 935 2301 poeta,
966 2258 1028 2292 alio
1052 2259 1138 2299 loco,
1170 2258 1241 2291 aliis
1266 2258 1465 2300 temporibus
1488 2261 1587 2300 atque
1611 2261 1738 2292 ceterae
1769 2261 1860 2292 ortae
1892 2268 1963 2292 esse

175 2311 340 2344 videntur.-
379 2312 443 2345 Sed
467 2313 521 2345 ubi
545 2315 602 2344 aut
624 2321 689 2352 qua
712 2315 819 2345 aetate
843 2312 907 2344 sint
930 2315 1041 2351 natae,
1066 2312 1163 2344 certis
1186 2311 1280 2344 lineis
1304 2311 1430 2344 definiri
1454 2321 1517 2343 non
1540 2315 1657 2352 potest.
1704 2311 1861 2350 Quoniam
1885 2322 1961 2344 vero

173 2365 300 2396 ceterae
323 2366 432 2404 partes
456 2365 540 2397 inter
563 2373 597 2397 se
620 2364 825 2397 consentiunt
843 2383 881 2387 -
899 2364 939 2397 de
962 2364 1059 2397 tertia
1082 2366 1225 2396 nostram
1249 2364 1441 2397 sententiam
1466 2364 1672 2406 exposuimus
1690 2383 1731 2388 —
1749 2374 1812 2398 non
1836 2364 1960 2405 dubito,

172 2416 249 2455 quin
272 2416 312 2448 ab
337 2426 399 2449 uno
424 2421 529 2457 poeta,
556 2426 683 2458 unaque
706 2420 814 2450 aetate
838 2416 903 2449 sint
927 2416 1042 2450 factae.
1066 2434 1109 2440 —
