2313 3094
971 290 1189 322 ...11-

187 388 269 430 giuti
293 397 357 422 sex.
407 389 512 430 Atque
534 388 566 420 in
592 386 776 420 universum
798 386 894 419 huius
917 385 1020 427 partis
1043 387 1205 418 auctorem
1228 384 1269 417 ab
1293 383 1389 416 anxia
1411 382 1544 416 Homeri
1572 381 1754 415 imitatione
1782 379 1977 412 abstinuisse

190 442 303 483 negari
325 451 389 475 non
414 443 530 483 potest.
566 439 651 472 Nam
674 439 830 472 vocabula
852 448 915 472 non
938 438 1101 472 homerica
1123 438 1250 472 circiter
1273 436 1488 478 quadraginta
1504 438 1645 476 quatuor
1659 433 1878 467 inveniuntur.
1886 432 1977 471 ¹⁰)—

188 494 365 535 Propterea
387 502 450 525 non
474 495 524 525 est
547 492 663 524 mirum
686 491 771 533 quod
794 500 898 532 pauca
921 489 1123 532 digammatis
1145 490 1281 531 vestigia
1304 497 1475 522 occurrere
1498 487 1658 519 videntur.

348 545 373 578 Ι.
409 545 500 578 Duae
522 544 644 578 formae
667 554 757 585 pron.
781 553 866 586 poss.
891 544 936 576 ita
959 546 1035 577 sunt
1057 542 1196 585 positae,
1225 544 1262 576 ut
1291 540 1335 574 sit
1364 539 1483 574 hiatus.
1529 549 1558 571 v,
1575 538 1639 571 328
1663 540 1696 571 et
1719 536 1794 570 358.
1842 534 1905 568 Sed
1930 534 1976 567 di-

190 607 317 638 gamma
340 596 520 638 neglectum
544 599 595 629 est
617 596 719 629 altero
743 595 813 629 loco
836 596 900 628 358
925 595 1072 638 τέρπεται
1095 595 1130 626 ὃν
1154 595 1232 626 κατὰ
1255 593 1357 636 θυμόν
1381 596 1414 626 et
1437 602 1476 625 ex
1498 601 1594 625 versu
1618 590 1682 622 328
1711 590 1747 626 ὅς
1772 600 1805 619 τε
1829 599 1974 629 κασιγνη-

191 651 256 681 τοῖο
279 649 351 689 ἑοῦ,
381 648 506 682 etiamsi
530 658 602 683 cum
624 648 755 681 Flachio
778 648 853 681 huic
880 647 1224 690 pronominisformae
1254 645 1414 686 digamma
1444 643 1679 681 tribueremus,
1711 641 1750 673 de
1780 640 1975 680 digammate

189 701 268 735 nihil
292 705 342 735 est
363 701 627 741 concludendum,
650 701 735 741 quod
758 700 899 742 genetivi
922 701 954 732 in
978 712 1043 731 -om
1068 699 1250 732 desinentes
1274 706 1336 729 non
1361 696 1535 728 eliduntur.

346 754 386 788 11.
422 753 615 799 Saepissime
638 754 670 786 in
694 762 807 786 nomen
832 751 928 795 ἔργον
950 752 1129 791 incidimus,
1152 751 1209 784 sed
1233 749 1378 792 plurimis
1402 747 1482 781 Iocis
1506 747 1667 788 digamma
1690 743 1872 785 neglectum
1889 743 1976 775 vide-

191 817 272 842 mus.
318 807 453 849 Legitur
476 806 560 841 enim
584 816 613 839 v.
638 806 702 839 306
726 805 775 837 σοὶ
799 804 827 837 δ’
851 804 939 849 ἔργα.
977 815 1006 837 v.
1031 804 1094 837 382
1119 802 1167 836 ἐπ’
1191 802 1288 846 ἔργῳ.
1319 820 1362 825 -
1393 799 1426 833 Si
1450 799 1523 840 quis
1546 798 1641 831 affert
1671 797 1784 830 eodem
1808 804 1906 829 versu
1930 795 1978 826 καὶ

190 859 296 902 ἔργον,
319 861 404 901 quod
428 859 480 891 καί
499 858 659 900 particula
681 868 744 891 non
768 857 951 897 corripitur,
973 857 1067 889 nobis
1090 856 1220 897 quidem
1243 854 1364 887 nullam
1385 852 1592 886 offensionem
1608 849 1751 891 praebet.
1786 848 1869 880 Nam
1887 857 1977 888 prae-

190 915 280 945 terea
301 912 388 954 quod
411 912 453 952 is,
484 911 539 953 qui
562 911 647 943 hunc
670 919 798 942 versum
821 909 885 942 382
910 908 1103 949 composuit,
1131 908 1195 939 iam
1217 905 1435 938 inconstantia
1458 912 1517 936 sua
1544 903 1615 943 ipse
1644 900 1788 942 prodidit
1817 900 1978 940 digamma

190 964 252 997 sibi
275 965 419 1005 ignotum
443 963 552 1003 fuisse,
575 972 635 995 vox
659 962 710 993 καί
729 964 805 994 ante
828 960 924 1003 ἔργον
947 961 1059 994 eodem
1083 959 1177 992 modo
1200 958 1320 999 legitur
1343 956 1429 998 apud
1446 956 1621 989 Homerum
1645 952 1676 985 Σ
1685 952 1749 985 473
1775 952 1796 989 ζ
1804 952 1867 984 259
1892 963 1911 995 η
1925 952 1976 983 26.

191 1015 303 1056 Neque
326 1015 489 1047 restitutio
513 1013 718 1054 digammatis
741 1011 813 1045 fieri
835 1015 944 1053 potest
966 1012 998 1043 in
1021 1011 1112 1044 verbi
1135 1010 1311 1053 ἐργάζομαι
1334 1011 1392 1041 aut
1415 1006 1503 1050 ἔρδω
1531 1006 1652 1039 formis.
1700 1005 1861 1046 Scriptum
1894 1004 1977 1036 enim

192 1067 340 1101 videmus
361 1066 420 1099 ὧδ’
437 1064 543 1110 ἔρδειν
561 1065 652 1107 (382)
670 1064 700 1097 δ’
716 1063 821 1108 ἔρδειν
846 1063 938 1106 (336)
963 1062 1044 1096 τοῦτ’
1068 1061 1175 1107 ἔρδοις
1200 1062 1292 1105 (362)
1310 1060 1333 1094 τ’
1350 1059 1565 1105 ἐργαζόμενος
1581 1057 1673 1101 (309)
1691 1057 1718 1089 εἶ
1734 1056 1770 1089 δέ
1787 1068 1839 1088 κεν
1856 1055 1976 1100 ἐργάζῃ

193 1120 296 1160 (312).
342 1119 432 1150 Idem
456 1119 544 1151 cadit
566 1118 599 1149 in
622 1127 652 1148 v.
669 1117 732 1148 327
758 1117 852 1147 κακὸν
875 1114 966 1158 ἔρξῃ.
976 1116 1015 1156 ¹¹)
1062 1116 1195 1148 Duobus
1218 1117 1343 1146 tantum
1367 1114 1446 1145 locis
1469 1112 1640 1152 vestigium
1665 1109 1870 1150 digammatis
1895 1118 1978 1140 com-

191 1180 306 1212 parere
330 1170 467 1203 videtur.
515 1168 580 1202 Sed
603 1167 706 1201 altero
729 1177 759 1200 v.
775 1167 840 1199 314
869 1167 903 1199 τὸ
931 1166 1092 1200 antecedit
1119 1186 1162 1192 -—
1190 1165 1275 1208 quod
1305 1174 1380 1198 uum
1410 1166 1498 1198 recte
1526 1161 1700 1195 mutaverit
1733 1161 1764 1193 in
1790 1159 1838 1203 τῷ
1862 1159 1977 1193 Schoe-

192 1234 328 1257 mannus
351 1223 473 1261 dubito,
496 1241 538 1246 —
561 1222 616 1262 qui
639 1221 747 1254 hiatus
771 1220 932 1253 offendere
955 1229 1019 1253 non
1042 1222 1150 1261 potest
1172 1218 1225 1260 (cf.
1250 1217 1366 1251 Hoffm.
1391 1226 1444 1258 qu.
1468 1217 1552 1250 hom.
1578 1215 1655 1258 §62
1664 1215 1707 1256 a),
1732 1214 1833 1247 altero
1858 1223 1886 1244 v.
1911 1212 1975 1244 382

191 1276 278 1320 ἔργῳ
294 1277 327 1310 in
342 1276 425 1310 thesi
441 1277 558 1317 quarta
574 1277 730 1317 sequente
746 1283 880 1307 caesura
903 1273 1046 1307 bucolica
1068 1272 1207 1315 positum
1232 1274 1297 1312 est,
1327 1280 1391 1313 qua
1413 1269 1522 1303 hiatus
1546 1269 1625 1302 satis
1648 1270 1820 1300 excusatur
1843 1265 1973 1308 (Hoffm.

192 1331 212 1372 §
228 1331 296 1372 47).
341 1329 516 1362 Praeterea
538 1329 623 1361 hunc
645 1337 773 1361 versum
804 1326 1033 1368 interpolatum
1064 1334 1135 1358 esse
1163 1323 1429 1357 verisimillimum
1461 1325 1519 1355 est.
1566 1320 1666 1354 Omisi
1697 1329 1751 1353 eos
1780 1328 1892 1352 versus
1924 1319 1975 1360 (ut

192 1392 221 1415 v.
245 1382 335 1425 308),
358 1392 397 1416 ex
419 1382 536 1423 quibus
559 1380 687 1413 omnino
710 1379 789 1412 nihil
812 1379 883 1412 erui
906 1381 1022 1420 potest.

349 1435 407 1468 111.
454 1433 576 1467 Versus
600 1432 663 1466 332
687 1433 752 1466 exit
782 1432 815 1465 in
844 1430 1085 1473 καθαπτόμενος
1114 1429 1268 1462 ἐπέεσσιν.
1315 1427 1379 1462 Sed
1407 1427 1491 1460 idem
1521 1425 1607 1468 apud
1630 1424 1805 1458 Homerum
1834 1423 1975 1457 inveniri

192 1489 255 1522 iam
278 1498 377 1530 supra
400 1486 548 1520 diximus.
595 1487 767 1519 Praeterea
789 1495 817 1517 v.
842 1485 906 1517 295
930 1483 967 1516 εὖ
991 1483 1109 1515 εἰπόντι
1132 1482 1210 1515 satis
1233 1489 1393 1522 superque
1421 1480 1592 1511 excusatur
1623 1485 1757 1509 caesura
1788 1475 1975 1516 semisepte-

191 1541 291 1574 naria.
337 1539 449 1582 Neque
473 1542 580 1572 tamen
604 1537 785 1571 simillimae
807 1536 964 1570 formulae
987 1536 1104 1569 desunt
1127 1533 1163 1566 εὖ
1187 1532 1278 1570 εἴπω,
1302 1530 1337 1563 εὖ
1362 1530 1436 1574 εἴπῃ
1468 1530 1568 1563 aliae:
1603 1528 1634 1560 Ξ
1649 1529 1710 1560 127
1743 1540 1765 1559 α
1781 1527 1845 1559 302
1875 1540 1894 1568 γ
1911 1527 1975 1559 200

193 1597 217 1635 φ
231 1593 304 1626 175.
327 1593 401 1625 339.

350 1644 406 1677 IV.
443 1643 566 1677 Deinde
588 1642 708 1684 legitur
730 1651 759 1673 v.
783 1641 846 1673 325
870 1641 902 1673 in
926 1640 1063 1673 formula
1085 1637 1247 1671 homerica
1267 1635 1436 1679 μινύθουσι
1452 1634 1488 1666 δὲ
1504 1634 1590 1666 οἶκοι.
1628 1634 1705 1666 Aliis
1720 1633 1798 1666 locis
1815 1633 1976 1674 digamma

193 1698 280 1732 vocis
303 1697 387 1734 οἶκος
410 1706 473 1730 non
497 1695 625 1737 repperi
647 1704 677 1727 v.
700 1693 764 1726 364
788 1691 835 1725 εἶν
866 1691 945 1736 οἴκῳ
975 1711 1018 1716 -
1044 1692 1127 1724 hanc
1158 1690 1241 1725 enim
1269 1689 1440 1723 lectionem
1468 1697 1539 1721 oum
1564 1686 1726 1728 Koechlyo
1756 1695 1909 1720 conservo
1933 1705 1975 1709 —

192 1751 257 1783 376
281 1749 442 1792 πατρώιον
465 1747 559 1779 οἶκον.

348 1800 409 1834 His
432 1810 536 1842 pauca
558 1800 685 1840 addam,
708 1808 791 1841 quae
813 1808 833 1831 a
855 1797 1086 1831 consuetudine
1108 1794 1269 1829 homerica
1292 1794 1467 1828 abhorrere
1490 1793 1669 1825 videantur.

353 1854 384 1895 1)
409 1864 438 1885 v.
462 1852 526 1885 289
552 1854 606 1897 τῆς
630 1851 658 1884 δ’
683 1851 801 1896 ἀρετῆς
823 1851 945 1894 ἱδρῶτα
969 1848 1041 1882 θεοί
1062 1852 1122 1882 etc.
1168 1847 1301 1890 Semper
1325 1847 1365 1880 ab
1390 1847 1529 1879 Homero
1553 1846 1656 1878 altera
1678 1855 1743 1879 acc.
1767 1844 1870 1879 forma
1894 1845 1974 1888 ἱδρῶ

193 1907 292 1941 veluti
315 1907 346 1938 K
354 1906 417 1940 572
442 1906 464 1938 Δ
478 1906 518 1937 27
545 1905 644 1938 Φ561
671 1908 862 1946 usurpatur,
887 1904 943 1937 sed
967 1904 1172 1945 comparetur
1188 1903 1304 1946 χρῶτα
1328 1912 1347 1932 σ
1367 1900 1438 1931 172.
1464 1899 1535 1931 179.
1577 1898 1659 1931 Nam
1683 1908 1742 1939 pro
1766 1898 1889 1939 γέλωτα
1915 1899 1975 1931 ο8.

194 1960 359 1994 Bekkerus
382 1962 469 1993 recte
492 1958 623 1999 scripsit
645 1958 745 1999 γέλον.

351 2011 386 2053 2)
410 2011 448 2044 V.
473 2011 538 2043 354
560 2010 610 2043 bis
633 2010 751 2051 legitur
774 2010 877 2043 forma
899 2009 960 2052 δῷ.
1007 2008 1165 2041 Homerus
1188 2005 1320 2038 adhibet
1344 2004 1425 2048 δώῃ,
1457 2003 1587 2047 δώῃσιν,
1618 2002 1729 2045 δῷσιν.
1776 2002 1837 2035 Illa
1867 2006 1975 2036 autem

193 2064 391 2097 conformata
414 2073 485 2096 esse
508 2063 636 2100 videtur
658 2062 699 2094 ad
723 2062 886 2103 exemplar
909 2061 1029 2094 formae
1053 2063 1120 2102 γνῷ
1145 2059 1241 2090 Α411
1267 2057 1382 2089 [1273.

351 2116 386 2156 3)
411 2115 650 2148 Memorabilem
674 2114 808 2147 formam
833 2116 1002 2156 προςεῖναι,
1026 2122 1109 2154 quae
1132 2115 1182 2143 est
1204 2121 1233 2142 v.
1257 2110 1321 2142 353
1345 2110 1460 2147 affero,
1492 2109 1582 2141 cuius
1612 2109 1773 2150 exemplar
1802 2109 1888 2148 apud
1913 2107 1978 2140 Ho-

193 2178 317 2203 merum
340 2178 403 2202 non
427 2167 603 2208 invenitur,
626 2167 653 2201 si
677 2169 714 2201 ut
736 2165 952 2209 Goettlingius
976 2165 1016 2199 de
1038 2164 1135 2198 verbo
1160 2162 1221 2206 εἶμι
1244 2161 1436 2196 derivamus.
1483 2160 1546 2194 Sed
1570 2170 1641 2194 mea
1665 2160 1793 2203 quidem
1817 2160 1978 2194 sententia

194 2232 256 2255 non
281 2225 339 2261 est,
364 2232 421 2254 cur
443 2221 525 2254 hanc
547 2221 681 2253 formam
705 2230 767 2252 non
791 2220 831 2251 de
853 2219 950 2251 verbo
966 2217 1032 2260 εἰμι’
1046 2219 1236 2254 derivemus,
1260 2225 1358 2255 quum
1375 2215 1462 2246 notio
1482 2213 1674 2245 »adiuvare«
1694 2213 1814 2254 optime
1829 2214 1977 2253 quadret.

195 2272 248 2316 (cf.
272 2273 358 2314 quod
382 2282 484 2314 nuper
508 2272 547 2305 de
569 2272 629 2305 hac
652 2271 754 2304 forma
776 2270 858 2304 dixit
880 2270 1045 2317 Rzachius'
1063 2270 1103 2302 de
1126 2268 1199 2301 dial.
1223 2266 1300 2300 Hes.
1324 2277 1354 2309 p.
1372 2266 1460 2308 457).

354 2401 390 2434 1⁰)
409 2400 530 2427 Fietkau
547 2407 603 2427 non
614 2400 650 2426 44
661 2398 797 2425 vocabula
810 2400 954 2425 enumerat
967 2396 1015 2424 sed
1028 2398 1070 2424 39.
1098 2395 1196 2423 Omisit
1208 2395 1280 2422 enim
1299 2396 1362 2428 345)
1376 2392 1497 2423 ἄζωστοι
1514 2394 1578 2427 369)
1591 2392 1712 2424 μεσσόθι
1730 2393 1794 2425 374)
1806 2392 1980 2418 κωτίλλουσα

194 2446 258 2482 378)
277 2443 392 2482 γηραιός
409 2442 474 2472 ibid.
495 2442 707 2479 ἐγκαταλείπων.

355 2492 390 2522 ¹¹)
408 2490 500 2516 Paene
520 2496 614 2515 omnes
631 2488 682 2515 hos
700 2495 797 2515 versus
816 2495 832 2514 a
850 2486 965 2513 Flachio
985 2486 1109 2513 damnari
1125 2484 1199 2512 haud
1218 2485 1323 2519 ignoro,
1342 2487 1435 2510 tamen
1453 2483 1560 2510 silentio
1580 2482 1733 2516 praeterire
1752 2481 1837 2508 nolui.

1767 2525 1800 2551 2!
