2313 3094
969 310 1186 342 -21-

343 406 403 439 Vix
426 408 536 440 autem
560 408 696 446 quartus
720 405 857 446 quisque
880 413 992 437 versus
1015 404 1048 436 in
1072 404 1241 437 formulam
1264 406 1457 439 homericam
1481 405 1600 439 desinit
1628 408 1726 447 atque
1756 404 1852 437 etiam
1876 413 1916 436 ea
1939 413 1974 436 re

183 459 327 493 modicus
352 459 482 492 Homeri
505 458 649 490 imitator
672 457 913 499 eognoscendus
936 460 997 497 est,
1020 457 1106 499 quod
1128 457 1195 491 fere
1218 458 1432 499 quadraginta
1454 461 1575 499 septem
1601 458 1757 491 vocabula
1779 466 1842 489 non
1867 456 1975 488 home-

184 511 252 545 rica
274 508 540 550 inveniuntur.²³)

339 561 408 595 Iam
432 565 635 596 transeamus
659 562 699 595 ad
723 562 860 603 vestigia
882 561 938 594 illa
960 561 1085 603 priscae
1108 561 1254 602 linguae,
1284 571 1422 603 quorum
1451 571 1602 595 numerus
1631 571 1730 602 quum
1760 562 1822 594 iam
1854 569 1974 601 parvus

183 615 235 655 sit,
260 624 299 648 ea
322 624 357 647 re
380 613 477 647 etiam
494 614 659 654 minuitur,
682 614 769 655 quod
785 614 973 651 videbimus,
997 614 1132 647 maxime
1148 615 1278 648 Homeri
1295 614 1516 654 imitationem,
1542 614 1671 647 minime
1687 614 1793 655 ipsum
1811 613 1974 654 digamma

185 667 293 700 hiatus
317 666 585 708 productionesve
608 667 762 699 effecisse.

342 719 366 752 l.
402 719 469 752 Iam
494 727 606 752 vocum
629 719 671 751 ad
695 718 835 752 radicem
852 717 912 760 fed
935 718 1162 760 pertinentium
1188 718 1309 752 nullum
1333 721 1456 752 certum
1480 718 1684 760 digammatis
1701 719 1828 761 signum
1845 721 1973 752 exstare

183 771 292 805 statim
316 772 550 813 intellegemus.
596 771 714 805 Tribus
738 772 815 804 solis
838 771 916 804 locis
942 772 1049 805 hiatus
1072 772 1202 804 illicitus
1226 775 1401 812 comparet,
1425 773 1479 814 qui
1511 772 1705 813 digammate
1736 773 1891 814 optimam
1922 781 1972 804 ex-

183 824 378 864 peditionem
402 825 522 858 habere
545 824 681 858 videtur.
729 826 866 866 Legitur
889 825 973 858 enim
997 834 1026 857 v.
1051 825 1114 856 792
1139 823 1233 867 ἤματι
1262 823 1386 866 ἴστορα.
1434 824 1496 856 Sed
1528 824 1580 857 hic
1610 825 1698 857 locus
1727 825 1846 857 nullam
1876 824 1971 856 offen-

184 876 305 909 sionem
328 877 463 918 praebet
484 880 618 918 propter
640 887 807 910 caesuram
835 877 1022 910 bucolicam.
1070 878 1122 918 (ef.
1149 877 1264 910 Hoffm.
1290 887 1344 918 qu.
1367 876 1460 909 Hom.
1487 877 1573 918 §62
1598 878 1664 918 66.)
1711 878 1794 916 Quin
1824 878 1919 910 etiam
1945 877 1972 908 si

184 928 363 961 Hartelium
387 929 566 970 sequimur,
597 929 685 969 qui·c
710 928 850 962 vocalem
875 928 976 961 dativi
1000 929 1057 961 ΠΙ.
1082 929 1162 961 decl.
1186 929 1261 961 olim
1285 929 1413 969 longam
1437 928 1537 961 fuisse
1567 929 1681 961 statuit
1713 928 1812 969 (stud.
1837 929 1930 960 Hom.
1949 929 1971 959 Ι.

183 990 214 1022 p.
232 980 287 1023 59)
312 990 445 1022 prorsus
468 981 630 1023 digamma
654 982 822 1015 evanuerit
844 991 975 1015 necesse
999 984 1059 1015 est.

341 1034 515 1067 Praeterea
543 1033 654 1067 hiatus
683 1034 714 1066 in
744 1033 859 1075 quinto
887 1034 968 1075 pede
997 1033 1160 1066 invenitur
1190 1043 1218 1064 v.
1243 1033 1304 1065 731
1331 1033 1513 1075 πεπνυμένα
1542 1033 1651 1070 εἰδώς.
1698 1033 1761 1066 Sed
1792 1034 1874 1065 hanc
1902 1041 1973 1064 esse

184 1085 353 1118 formulam
376 1086 569 1119 homericam
593 1088 656 1119 iam
681 1096 780 1128 supra
802 1085 1130 1119 commemoravimus.
1169 1085 1310 1127 Reliquis
1334 1085 1413 1118 locis
1436 1089 1494 1119 aut
1517 1086 1736 1127 correptiones
1752 1089 1810 1118 aut
1825 1084 1973 1117 elisiones

184 1138 288 1171 factae
312 1141 388 1171 sunt
411 1141 448 1171 ut
470 1148 500 1171 v.
518 1138 578 1171 701
605 1138 704 1182 ἀμφὶς
728 1138 817 1179 ὶὸών,
842 1140 926 1180 quod
951 1140 1020 1172 sine
1044 1138 1122 1172 satis
1144 1139 1235 1180 gravi
1259 1148 1357 1171 causa
1379 1139 1530 1172 Flachius
1553 1139 1693 1172 mutavit
1716 1139 1747 1172 in
1765 1139 1846 1181 ἀμφὶ
1855 1137 1970 1180 Ῐιδών.

185 1200 212 1222 v.
239 1191 302 1223 738
327 1189 403 1234 εὔξῃ
436 1190 513 1222 ἷὸών
543 1201 571 1223 v.
596 1192 660 1223 714
685 1191 907 1233 καταθελγέτω
937 1192 1022 1229 εἶδος
1050 1202 1079 1224 v.
1104 1192 1168 1224 824
1193 1193 1308 1234 παῦροι
1337 1192 1374 1223 δέ
1399 1192 1423 1223 τ’
1449 1191 1562 1224 ἴσασιν.
1615 1191 1707 1225 Hanc
1738 1191 1907 1224 lectionem
1940 1194 1972 1223 et

186 1242 334 1277 Flachius
358 1247 391 1276 et
411 1243 570 1276 Rzachius
593 1246 810 1283 mutaverunt,
834 1253 1027 1286 quamquam
1051 1244 1110 1277 hoc
1133 1244 1202 1277 loco
1225 1253 1335 1276 omnes
1351 1244 1476 1277 codices
1500 1246 1712 1284 consentiunt,
1737 1244 1771 1276 in
1796 1245 1911 1286 παῦροι
1935 1243 1970 1274 δὲ

179 1295 318 1337 flauam,
343 1296 427 1336 quod
451 1295 610 1336 particula
633 1307 668 1326 τε
691 1296 832 1328 absurda
855 1297 906 1328 sit.
942 1295 1005 1329 Sed
1030 1297 1106 1329 mihi
1129 1296 1259 1336 quidem
1282 1306 1345 1328 non
1370 1300 1419 1328 est
1442 1296 1575 1329 dubium
1598 1297 1649 1329 hic
1673 1299 1817 1329 nostrum
1841 1300 1969 1337 poetam

185 1348 270 1381 hunc
293 1346 426 1380 Homeri
448 1346 562 1387 locum,
587 1347 640 1380 ubi
665 1359 699 1378 τε
721 1357 823 1388 paene
846 1347 957 1380 eodem
982 1349 1076 1381 modo
1100 1351 1257 1394 usurpata
1280 1351 1339 1388 est,
1363 1348 1524 1381 imitatum
1549 1358 1619 1381 esse
1641 1348 1757 1389 β277;

626 1409 742 1450 παῦροι
765 1409 828 1451 γάρ
853 1420 899 1440 τοι
923 1409 1034 1446 παῖδες
1057 1410 1159 1451 ὁμοῖοι
1183 1409 1276 1451 πατρὶ
1300 1409 1444 1440 πέλονται

625 1461 652 1491 οἱ
677 1460 805 1497 πλέονες
829 1460 963 1500 κακίους,
988 1462 1103 1503 παῦροι
1127 1461 1163 1493 δέ
1188 1472 1221 1492 τε
1246 1462 1366 1503 πατρὸς
1390 1461 1529 1503 ἀρείους.

341 1522 432 1555 Unus
455 1521 544 1554 locus
567 1524 684 1559 restat,
713 1522 804 1554 cuius
828 1520 1049 1554 difficultatem
1074 1532 1137 1555 non
1162 1526 1227 1554 tam
1252 1522 1342 1554 facile
1366 1521 1517 1562 expedire
1540 1532 1681 1563 possum.
1729 1524 1864 1565 Legitur
1887 1524 1970 1556 enim

185 1584 213 1606 v.
239 1574 303 1606 814
328 1575 443 1615 παῦροι
466 1572 493 1603 δ’
518 1571 594 1604 αὖτε
617 1571 712 1604 ἴσασι.
760 1574 962 1615 Quamquam
985 1575 1069 1606 enim
1093 1573 1196 1607 forma
1220 1573 1304 1604 ἴσασι
1329 1574 1361 1605 in
1385 1573 1516 1605 Homeri
1546 1575 1742 1607 carminibus
1771 1576 1900 1615 saepius
1924 1585 1972 1608 re-

185 1627 331 1668 peritur‚'
353 1630 462 1659 tamen
485 1623 678 1667 particulam
703 1637 737 1657 τε
760 1634 918 1667 nusquam
942 1629 1018 1659 ante
1041 1625 1128 1660 illam
1154 1627 1227 1659 vidi.
1273 1625 1317 1659 At
1338 1637 1374 1668 γε
1399 1626 1414 1657 λ
1430 1626 1492 1659 123
1517 1625 1599 1668 τοίγε
1623 1625 1719 1660 ἴσασι.
1768 1626 1802 1660 Si
1826 1627 1868 1660 ad
1891 1626 1971 1660 alias

183 1679 301 1711 formas
326 1678 527 1718 confugimus
551 1678 648 1709 etiam
671 1678 831 1718 particula
855 1678 892 1709 δέ
916 1680 947 1711 in
971 1679 1062 1711 hiatu
1085 1680 1204 1720 legitur
1221 1684 1258 1711 ut
1282 1679 1381 1711 3301
1401 1677 1476 1711 τόδε
1494 1678 1586 1720 ἴδμεν
1611 1681 1639 1710 N
1648 1680 1711 1711 273
1729 1680 1765 1711 σὲ
1782 1680 1818 1711 δὲ
1834 1680 1969 1721 ἴδμεναι.

183 1730 361 1764 Particulas
373 1729 409 1771 γέ
422 1728 459 1760 δέ
472 1728 505 1761 τέ
518 1728 695 1761 simillimas
708 1738 778 1762 esse
791 1740 1039 1766 commemorare
1051 1741 1112 1765 non
1132 1735 1181 1764 est
1197 1741 1288 1773 opus.
1324 1730 1406 1763 Nolo
1419 1731 1676 1772 praetermittere
1693 1732 1723 1763 in
1740 1741 1842 1773 paene
1858 1733 1971 1764 eadem

183 1783 330 1820 formula,
355 1781 395 1814 de
417 1791 482 1823 qua
505 1781 598 1813 modo
622 1782 768 1821 tractavi,
793 1782 955 1816 elisionem
979 1784 1096 1817 factam
1120 1794 1189 1817 esse
1214 1786 1329 1826 παῦροι
1353 1784 1390 1815 ὃέ
1414 1784 1438 1815 τ’
1463 1784 1574 1815 ἴσασιν.
1622 1784 1654 1817 Si
1678 1784 1864 1817 conceditur
1889 1785 1970 1818 hanc

183 1838 308 1876 partem
332 1833 545 1874 (694—828)
572 1834 611 1865 ab
636 1843 699 1865 uno
724 1834 900 1874 eodemque
924 1839 1019 1875 poeta
1042 1845 1114 1868 esse
1137 1837 1356 1877 compositam,
1382 1840 1413 1868 et
1437 1846 1477 1868 ne
1494 1835 1646 1868 Flachius
1671 1836 1801 1877 quidem
1825 1837 1883 1868 hos
1902 1846 1969 1868 ver-

184 1896 239 1920 sus
263 1887 408 1926 damnat,
438 1886 501 1918 iam
524 1885 740 1919 inconstantia
764 1895 823 1919 sua
847 1887 1081 1921 demonstravit
1104 1888 1264 1930 digamma
1287 1889 1347 1922 sibi
1372 1890 1515 1930 ignotum
1545 1888 1653 1922 fuisse.
1700 1887 1816 1932 Itaque
1846 1898 1886 1921 ne
1916 1888 1969 1921 illo

184 1940 312 1981 quidem
335 1938 404 1971 loco
429 1939 471 1979 (v.
490 1938 568 1979 814)
592 1942 651 1977 est,
676 1949 733 1971 cur
757 1940 956 1972 haereamus.

341 1991 382 2024 II.
417 1991 575 2024 Videntur
599 1991 803 2033 digammatis
829 2002 920 2025 usum
944 1993 1088 2027 indicare
1113 2004 1149 2027 ea
1173 1993 1344 2033 vocabula,
1376 2003 1458 2035 quae
1482 1993 1645 2035 pertinent
1667 1994 1707 2026 ad
1732 1993 1872 2027 radicem
1890 1993 1968 2035 fen.

341 2055 370 2077 v.
388 2045 452 2076 710
475 2044 495 2088 ἦ
517 2057 543 2076 τι
566 2044 650 2081 ἔπος.
688 2045 750 2077 Sed
775 2049 1000 2086 praeterquam
1023 2047 1108 2086 quod
1134 2059 1142 2077 ι
1166 2047 1306 2079 vocalem
1330 2047 1526 2086 pronominis
1551 2059 1576 2078 τι
1601 2046 1686 2079 nullo
1710 2047 1779 2079 loco
1804 2046 1968 2079 elisionem

184 2099 250 2140 pati
274 2098 485 2131 Hoffmannus
510 2098 541 2140 (ᾗ
558 2097 639 2139 62a)
663 2097 788 2137 docuit,
821 2109 847 2129 τι
871 2102 946 2131 ante
971 2096 1046 2135 ἔπος
1068 2099 1153 2139 apud
1178 2097 1350 2132 Homerum
1381 2099 1487 2131 inveni
1519 2099 1568 2131 his
1597 2098 1674 2132 locis
1700 2098 1777 2131 1³83
1802 2098 1897 2135 <5163
1922 2099 1969 2141 (in

183 2152 294 2186 eadem
311 2151 460 2184 formula:
497 2150 560 2196 ἧτι
584 2149 672 2192 ἔπος)
698 2150 795 2183 29397
821 2151 914 2188 5463
939 2152 1021 2184 027.
1057 2152 1149 2191 Quod
1166 2152 1277 2185 eodem
1303 2162 1398 2184 versu
1422 2152 1542 2194 legitur
1558 2150 1633 2189 ἔπος
1649 2152 1746 2184 εἰπών
1763 2156 1970 2194 comparetur

185 2215 256 2239 cum
280 2204 451 2239 Homerico
476 2205 545 2237 loco
564 2205 661 2250 2392
687 2204 762 2241 ἔπος
786 2204 911 2246 εἴπωμι.

341 2257 377 2289 In
402 2266 497 2290 versu
522 2257 582 2288 721
609 2257 702 2288 κακὸν
727 2256 833 2300 εἴπῃς,
866 2266 1060 2299 quamquam
1085 2258 1170 2299 apud
1194 2257 1372 2290 Homerum
1396 2258 1531 2291 similem
1556 2258 1725 2291 formulam
1758 2268 1820 2291 non
1851 2259 1968 2298 inveni,

341 2381 377 2415 ²³)
397 2381 440 2408 Ex
459 2381 502 2408 his
519 2382 554 2409 47
573 2381 716 2409 vocabulis
734 2381 866 2409 nonnulla
884 2382 994 2409 levioris
1013 2380 1144 2410 momenti
1162 2385 1235 2418 sunt,
1254 2383 1327 2418 quod
1346 2383 1425 2418 quasi
1444 2386 1606 2418 argumento
1625 2383 1707 2410 huius
1720 2383 1808 2418 partis
1822 2383 1970 2411 tribuenda

184 2429 261 2453 sunt:
289 2426 352 2460 727)
371 2426 484 2462 ὀμιχεῖν.
504 2442 538 2445 -
557 2426 619 2461 729)
639 2426 775 2462 οὐρήσῃς.
793 2442 828 2446 -
848 2428 910 2462 733)
930 2429 1009 2463 γονῇ.
1030 2444 1064 2448 -
1091 2429 1153 2463 744)
1173 2428 1308 2465 οἰνοχόην.
1337 2445 1369 2449 -
1401 2430 1464 2462 748)
1480 2428 1676 2465 χυτροπόδων.
1706 2444 1737 2448 -
1767 2430 1830 2462 751)
1850 2428 1969 2455 δωδεκα-

184 2471 271 2496 ταῒον.
309 2485 341 2489 -
384 2471 446 2503 752)
472 2470 693 2505 δυωδεκάμηνον.
732 2487 762 2491 —
805 2472 867 2505 759)
892 2472 1087 2507 ἐναποψυχεῖν.
1124 2488 1156 2493 -
1199 2474 1262 2507 766)
1287 2474 1432 2508 τριηκάδα.
1469 2489 1502 2493 -
1543 2475 1606 2506 770)
1630 2474 1736 2507 τετράς
1762 2473 1825 2500 ἰὺίὰ
1852 2474 1908 2508 ἔνη.
1938 2489 1967 2493 -

184 2513 247 2547 814)
260 2513 426 2548 τριςεινάδα.
