2384 3063
1175 304 1392 335 -16—

386 402 505 439 autem,
530 400 584 441 qui
602 399 718 441 legitur
743 409 771 431 v.
789 399 854 432 536
879 401 927 431 xa}
944 399 1015 432 τότε
1032 399 1200 439 ἕσσασθαι,
1226 402 1276 432 est
1298 400 1332 432 in
1355 398 1417 432 fine
1440 399 1531 440 pedis
1547 399 1640 440 primi
1657 402 1754 440 atque
1771 399 1867 432 etiam
1887 408 1925 432 ea
1940 408 1976 431 re
1992 403 2176 441 excusatur,

386 452 473 494 quod
496 453 626 495 saepius
650 452 699 484 καὶ
723 451 795 484 τότε
819 453 907 495 apud
932 453 1108 486 Homerum
1131 452 1163 485 in
1187 451 1281 485 initio
1306 461 1417 485 versus
1440 450 1570 493 legitur.

546 505 601 536 IX.
649 506 733 537 Ante
757 504 894 538 formam
910 505 1007 549 ἠχέτα
1030 504 1190 547 particula
1214 505 1265 536 καί
1285 505 1474 545 productam
1498 504 1645 538 videmus
1670 515 1697 537 v.
1722 505 1786 537 582
1810 505 1849 539 cf.
1875 505 1915 538 de
1938 505 1998 538 hac
2021 514 2066 544 re,
2090 505 2176 546 quod

386 567 486 600 supra
513 557 651 590 diximus
675 566 705 599 p.
723 556 754 590 8.
2163 595 2165 598 Α

543 611 582 642 Χ.
619 609 682 642 Vix
705 614 766 649 est,
790 611 878 652 quod
902 611 1018 644 addam
1043 611 1247 652 digammatis
1271 610 1441 651 vestigium
1465 610 1588 643 nullum
1613 620 1684 643 esse
1707 611 1739 642 in
1757 620 1835 644 voce
1851 609 1918 647 ἕλιξ
1939 610 2033 643 υ452
2051 609 2090 653 δὴ
2108 608 2179 641 τότε

383 662 554 707 χορτάζειν
579 662 682 699 ἕλικας
704 662 797 704 βοῦς.

545 715 601 747 XI.
649 714 766 757 Neque
790 716 878 749 vocis
903 715 1036 753 ἐτώσιος
1060 715 1261 757 digammatis
1284 715 1437 748 indicium
1460 716 1561 748 ullum
1585 715 1722 757 repperi,
1746 715 1802 748 sed
1827 714 1974 748 elisiones
1998 717 2031 748 et
2054 723 2181 755 correp-

387 768 496 801 tiones
524 772 560 801 ut
583 778 613 801 v.
630 768 695 800 402
721 768 760 800 σὺ
778 768 806 800 δ’
824 768 942 800 ἐτώσια
967 768 1051 800 πόλλ’
1075 768 1262 812 ἀγορεύσεις
1286 777 1314 800 ν.
1332 769 1392 800 411
1418 768 1455 799 οὐ
1471 768 1533 811 γὰρ
1550 767 1764 810 ἐτωσιοεργός
1788 777 1816 800 v.
1834 767 1900 799 440
1923 766 2018 810 ἔργον
2035 767 2179 799 ἐτώσιον.

548 820 623 854 XII.
671 820 761 854 Idem
785 822 873 855 valet
895 822 935 854 de
959 832 1035 855 voce
1060 820 1128 865 ἔαρ.
1175 821 1257 854 Nam
1282 821 1451 863 productio
1474 830 1556 861 quae
1584 821 1620 853 fit
1644 831 1673 853 v.
1697 821 1761 852 477
1787 821 1893 852 πολιὸν
1925 819 1984 863 ἔαρ
2015 820 2080 852 iam
2112 820 2180 853 solo

387 885 542 908 caesurae
570 875 856 916 semiseptenariae
888 875 1029 916 pondere
1057 877 1209 907 excusata
1240 876 1298 907 est.
1348 873 1521 907 Praeterea
1551 873 1589 907 cf.
1620 884 1693 915 pag.
1721 874 1770 906 14.
1818 893 1860 898 —
1905 872 2043 907 Prorsus
2072 876 2180 906 autem

388 927 571 969 neglectum
601 930 652 961 est
680 927 776 961 huius
808 927 895 961 vocis
923 926 1085 969 digamma
1116 936 1145 960 v.
1169 927 1233 959 492
1255 926 1327 972 μήτ’
1356 925 1425 970 ἔαρ.
1473 926 1572 960 Omisi
1601 935 1714 960 versus
1736 926 1801 959 462
1825 929 1858 960 et
1881 926 1960 966 569,
1992 936 2031 960 ex
2062 924 2181 967 quibus

388 981 470 1014 nihil
494 980 601 1021 colligi
624 983 741 1021 potest.
1798 1004 1806 1009 .

550 1030 643 1064 XIII.
680 1031 863 1064 Praeterire
886 1032 960 1065 licet
984 1040 1092 1064 vocem
1116 1031 1195 1072 ἶσος,
1219 1042 1319 1074 quum
1342 1033 1464 1066 nullum
1480 1033 1617 1066 amissae
1633 1042 1791 1067 consonae
1808 1032 1979 1073 vestigium
1997 1035 2182 1074 compareat

392 1096 420 1118 v.
445 1085 510 1117 533
535 1084 607 1115 τότε
631 1084 670 1128 δὴ
696 1084 819 1126 τρίποδι
840 1084 955 1126 βροτοὶ
978 1083 1049 1124 ἶσοι,
1074 1093 1168 1126 quem
1194 1094 1322 1118 versum
1345 1085 1495 1118 Flaehius
1520 1086 1659 1118 damnat.

549 1137 636 1169 XIV.
672 1137 839 1169 Postremo
863 1136 970 1169 dicere
993 1146 1076 1178 opus
1100 1139 1150 1170 est
1173 1136 1343 1170 formulam
1365 1138 1447 1178 βοὸς
1469 1137 1516 1181 ἶφι
1539 1138 1703 1180 κταμένοιο
1727 1148 1756 1171 v.
1774 1139 1835 1171 541
1861 1148 1900 1171 ex
1916 1138 2057 1171 Homero
2074 1147 2182 1179 sump-

389 1194 455 1223 tam
480 1198 552 1222 esse
575 1189 614 1221 cs.
641 1188 758 1221 [⁷375.

547 1243 616 1275 XV.
663 1243 779 1275 Restat
810 1245 846 1274 ut
876 1242 993 1274 addam
1024 1251 1133 1275 vocem
1165 1242 1298 1280 ἕκαστος
1329 1244 1451 1276 nullum
1481 1243 1634 1277 indicium
1665 1245 1801 1278 amissae
1832 1254 1990 1278 consonae
2025 1243 2181 1285 praebere

390 1296 517 1338 (Curt.⁴
540 1295 619 1336 460)
644 1305 672 1328 v.
692 1294 762 1334 ,393
786 1294 832 1331 ὥς
855 1306 901 1326 τοι
925 1294 1051 1326 ἕκαστα.

549 1348 642 1381 Sicut
666 1348 790 1388 priscae
814 1347 945 1389 linguae
970 1347 1107 1389 vestigia
1130 1348 1313 1381 accuratius
1335 1349 1496 1389 persecuti
1518 1358 1638 1389 sumus,
1662 1350 1707 1382 ita
1722 1360 1826 1391 pauca
1841 1350 1998 1383 addamus
2015 1350 2055 1383 de
2070 1349 2180 1382 formis

388 1401 619 1442 vocabulisque
644 1400 848 1442 quibusdam,
872 1410 955 1441 quae
979 1401 1280 1433 commemoratione
1304 1400 1401 1441 digna
1424 1410 1495 1433 esse
1521 1401 1699 1434 videantur.

544 1454 688 1487 Primum
712 1453 774 1488 huc
797 1453 897 1487 affero
920 1453 1054 1488 formam
1079 1452 1190 1497 ἔννηφι
1214 1453 1316 1493 υ410,
1341 1453 1380 1486 de
1404 1463 1468 1495 qua
1492 1453 1551 1487 viri
1576 1454 1662 1488 docti
1686 1454 1773 1488 inter
1796 1465 1831 1488 se
1855 1455 2061 1489 dissentiunt.
2099 1455 2182 1489 Sunt

387 1507 472 1540 enim
497 1507 552 1546 qui
577 1507 688 1539 dicunt
710 1509 747 1538 ut
771 1506 987 1546 Goettlingius
1011 1510 1043 1539 et
1060 1506 1240 1539 Lobeckius
1264 1505 1370 1546 (Path.
1388 1506 1428 1538 ΙΙ.
1453 1516 1483 1546 p.
1501 1507 1579 1547 255)
1603 1505 1714 1550 ἔννηφι
1737 1517 1809 1540 esse
1832 1508 2016 1548 genetivum
2040 1518 2085 1540 sc.
2103 1507 2180 1550 ἡμέ-

385 1571 449 1602 ραν
473 1562 506 1591 et
529 1558 808 1600 interpretandum
841 1559 892 1591 »in
915 1558 999 1591 diem
1032 1557 1227 1599 perendini.‹
1276 1557 1381 1597 Quum
1410 1560 1518 1591 autem
1543 1557 1717 1591 Kiihnerus
1748 1558 1817 1601 (Gr.
1842 1569 1889 1600 gr.
1913 1569 1944 1601 p.
1962 1559 2025 1591 379
2049 1568 2122 1592 ann.
2147 1559 2180 1601 2)

389 1611 564 1643 contendat
588 1611 846 1644 terminationem
871 1622 906 1653 φι
929 1620 992 1643 non
1017 1611 1162 1643 adhiberi
1185 1610 1226 1642 ad
1250 1610 1434 1651 genetivum
1451 1611 1673 1643 attributivum
1691 1611 1945 1652 significandum,
1966 1621 2036 1644 mea
2054 1612 2181 1652 quidem

387 1663 536 1703 opinione
560 1672 624 1694 non
648 1666 699 1695 est
721 1663 801 1695 satis
825 1663 933 1703 gravis
957 1663 1069 1703 causa3,
1102 1672 1159 1695 cur
1182 1672 1244 1694 non
1275 1665 1455 1695 statuamus
1487 1662 1566 1695 illud
1597 1672 1668 1696 esse
1697 1664 1842 1696 dativum
1870 1667 1904 1697 et
1932 1664 2180 1704 comparandum

388 1724 460 1747 cum
485 1714 654 1748 homericis
677 1714 825 1748 formulis
849 1714 898 1747 ἐπὶ
923 1714 1066 1757 δεξιόφιν
1090 1714 1137 1746 ἐπ’
1162 1714 1382 1757 ἀριστερόφιν.
1416 1714 1533 1748 Postea
1550 1716 1737 1749 adverbium
1754 1716 1875 1750 factum
1891 1726 1962 1750 esse
1978 1717 2073 1750 etita
2088 1725 2181 1749 usur-

389 1770 500 1807 patum
526 1771 562 1799 ut
585 1768 630 1804 εἷς
653 1767 754 1799 ὀπίσω
779 1768 814 1804 ἐς
839 1768 904 1811 τρίς
928 1771 989 1800 etc.

546 1820 580 1861 2)
606 1821 654 1853 Ab
679 1830 740 1853 usu
764 1820 927 1853 homerico
951 1821 1127 1853 abhorrent
1150 1821 1271 1853 formae
1295 1817 1464 1862 κεκτῆσθαι
1488 1819 1530 1860 (v.
1548 1820 1626 1861 437)
1651 1824 1683 1853 et
1697 1821 1836 1863 βράδιον
1860 1822 1902 1863 (v.
1920 1821 2009 1863 498).
2045 1821 2180 1863 Legitur

389 1871 474 1904 enim
499 1872 585 1912 apud
609 1871 785 1905 Homerum
810 1871 964 1916 ἐκτῆσθαι
988 1872 1076 1904 1402
1102 1875 1133 1904 et
1155 1872 1296 1915 βρασσω
1321 1871 1351 1903 K
1359 1872 1432 1904 226.

548 1924 581 1965 3)
606 1924 723 1957 Forma
746 1924 846 1968 κρόκα
870 1924 1086 1958 memorabilis
1110 1934 1180 1958 esse
1206 1925 1331 1958 videtur
1354 1929 1485 1966 propter
1509 1925 1733 1960 declinationis
1757 1927 2013 1969 metaplasmum.

547 1977 581 2018 4)
607 1977 644 2009 V.
662 1977 723 2008 617
745 1976 920 2018 singularis
950 1976 1052 2009 forma
1082 1978 1217 2018 optativi
1247 1976 1315 2021 εἴην
1339 1988 1360 2010 a
1383 1977 1481 2011 verbo
1511 1977 1591 2010 ἱέναι
1620 1980 1787 2013 derivandi
1817 1981 1967 2014 occurrit.
2015 1980 2068 2013 Sic
2095 1980 2180 2013 enim

388 2032 574 2063 statuerunt
598 2030 698 2063 Lehrs
723 2034 847 2071 quaest.
872 2041 922 2072 ep.
947 2030 1011 2063 206
1036 2033 1068 2063 et
1093 2030 1323 2064 Foerstemann
1347 2032 1386 2065 de
1410 2032 1483 2064 dial.
1509 2032 1585 2065 Hes.
1611 2042 1641 2074 p.
1659 2033 1711 2065 43.
1756 2032 1819 2066 Sed
1851 2036 1938 2067 recte
1962 2031 2180 2074 Goettlingius

390 2086 536 2115 nostrum
564 2083 668 2116 locum
700 2084 907 2125 interpretari
936 2083 1064 2116 videtur
1096 2084 1188 2124 eique
1216 2086 1340 2118 assensi
1371 2089 1445 2118 sunt
1470 2086 1644 2119 Kuhnerus
1668 2086 1724 2118 Gr.
1750 2097 1797 2127 gr.
1823 2088 1848 2119 I.
1873 2087 1935 2119 663
1965 2090 1998 2120 et
2020 2086 2180 2120 Rzachius

390 2136 430 2168 de
454 2135 530 2168 dial.
554 2134 630 2168 Hes.
656 2136 729 2168 453.
775 2135 807 2169 Is
832 2136 894 2169 illis
918 2146 1045 2178 quoque
1070 2137 1158 2176 locis,
1182 2137 1300 2178 quibus
1323 2140 1434 2170 nostra
1456 2137 1558 2170 forma
1581 2138 1668 2179 apud
1692 2138 1868 2172 Homerum
1891 2139 2054 2173 invenitur
2077 2137 2179 2170 9139

390 2188 496 2228 5496,
521 2198 592 2222 eam
616 2199 635 2222 a
659 2189 756 2223 verbo
781 2189 858 2221 εἶναι
883 2190 1088 2224 derivandam
1114 2199 1184 2223 esse
1207 2190 1333 2223 statuit.

549 2242 584 2283 5)
609 2242 721 2282 Neque
744 2243 1050 2283 praetermittendus
1079 2246 1129 2275 est
1159 2243 1362 2274 accusativus
1386 2242 1478 2284 ἄψιν,
1509 2243 1565 2282 qui
1595 2253 1683 2276 more
1707 2244 1897 2277 Lesbiorum
1928 2254 1986 2285 pro
2010 2245 2179 2278 Homerico

388 2294 490 2337 ἁψῖδα
514 2293 671 2327 formatus
696 2298 746 2327 est
770 2295 821 2336 (cf.
839 2295 965 2329 Ahrens
989 2295 1028 2328 de
1053 2295 1127 2327 dial.
1151 2294 1222 2327 aeol
1244 2304 1274 2335 p.
1294 2294 1380 2334 113.)
1416 2293 1527 2327 Paullo
1551 2294 1646 2327 aliam
1671 2296 1863 2329 sententiam
1879 2296 2006 2337 aperuit
2021 2296 2181 2330 Rzachius

388 2348 427 2380 de
451 2347 526 2379 dial.
552 2346 629 2379 Hes.
655 2357 685 2388 p.
704 2346 777 2379 358.
804 2366 844 2370 -
869 2347 990 2380 Eodem
1014 2347 1108 2380 modo
1132 2347 1267 2379 formam
1292 2346 1395 2377 δείκνυ
1421 2347 1516 2378 υ526
1540 2356 1597 2387 pro
1622 2347 1758 2379 δείκνυσι
1782 2351 1891 2381 natam
1915 2358 1985 2382 esse
2002 2349 2180 2382 Ahrensius

387 2399 550 2442 monet¹⁷)⁴
588 2398 652 2433 Sed
676 2400 784 2442 potius
802 2399 942 2434 Rzachio
966 2399 1134 2440 assentior,
1159 2399 1215 2442 qui
1239 2399 1279 2433 de
1303 2398 1376 2432 dial.
1392 2397 1468 2432 Hes.
1493 2408 1523 2440 p.
1540 2399 1604 2432 458
1628 2399 1804 2442 imperfecti
1827 2400 1962 2436 sormam
1979 2401 2180 2436 demonstrat

388 2452 492 2483 δείκνυ
516 2462 588 2485 esse
612 2456 646 2486 et
669 2453 879 2486 derivandam
903 2463 942 2486 ex
964 2462 1047 2494 pura
1070 2453 1180 2494 stirpe.

548 2551 583 2584 ¹⁷)
603 2549 838 2584 Verbandlungen
858 2549 907 2577 der
925 2548 1104 2577 dreizehnten
1124 2549 1334 2584 Versammlung
1352 2549 1499 2578 deutscher
1518 2550 1679 2586 Philologen
1699 2552 1727 2579 in
1747 2551 1897 2586 Gottingen
1915 2560 1942 2585 p.
1956 2553 1998 2579 73.
