2384 3049
1154 291 1348 323 -.-2—

509 379 591 411 Nam
618 380 696 412 mihi
719 382 851 421 quidem
877 384 944 416 veri
969 384 1214 419 dissimillimum
1238 387 1368 421 videtur
1398 397 1496 421 unum
1525 390 1726 432 eundemque
1749 394 1877 432 poetam
1901 394 1950 426 vel
1981 395 2144 430 hominum

350 432 512 473 quandam
535 433 722 467 societatem
745 435 779 468 in
803 444 953 470 sermone
976 437 1101 479 vulgari
1125 449 1267 481 unquam
1291 442 1423 475 eandem
1447 452 1556 476 vocem
1580 446 1613 477 et
1636 444 1772 485 pristina
1795 445 1898 479 forma
1918 449 1952 480 et
1966 449 2145 484 recentiore

347 494 386 517 ex
409 485 469 518 hac
493 488 564 519 orta
588 487 817 528 pronuntiasse
843 507 883 513 —
908 490 1151 525 Homericorum
1175 494 1258 526 enim
1284 494 1458 527 carminum
1482 496 1698 529 condicionem
1722 498 1816 540 longe
1839 499 1934 533 aliam
1958 500 2146 543 atqueHe-

347 537 530 571 siodeorum
555 549 626 572 esse
650 540 702 573 vix
728 544 788 581 est,
813 544 899 584 quod
917 554 1074 577 moneam.
1110 544 1173 578 Sed
1189 546 1241 578 hic
1257 546 1344 579 dieat
1359 545 1496 579 fortasse
1512 547 1671 589 quispiam
1687 553 1818 590 praeter
1832 551 1920 584 illam
1937 552 2143 594 digammatis

346 589 597 631 discrepantiam
621 593 708 634 apud
733 594 910 628 Hesiodum
934 596 998 629 alia
1021 597 1163 630 eiusdem
1186 598 1352 631 varietatis
1376 599 1520 640 exempla
1547 600 1702 633 inveniri:
1740 604 1906 644 genetivos
1930 614 1977 646 sg.
2002 605 2083 639 decl.
2100 605 2141 638 ΙΙ.

347 641 472 676 duobus
489 643 600 677 formis
623 645 657 678 in
681 656 775 680 usum
800 648 919 688 venire,
945 658 1029 690 quae
1052 652 1159 683 aetate
1183 650 1317 684 multum
1340 652 1423 684 inter
1446 660 1480 684 se
1504 651 1634 692 distent,
1659 654 1918 689 terminationem
1941 658 2025 694 enim
2048 658 2143 692 modo

346 713 387 718 -—
413 708 461 727 om
492 698 587 730 modo
616 711 654 730 oo
687 709 820 740 sonare,
852 701 930 733 item
963 702 1087 734 dativos
1118 703 1251 744 pluralis
1281 703 1445 735 terminari
1475 704 1569 736 modo
1592 705 1625 737 iu
1655 717 1799 749 ησι-οισι
1822 709 1916 741 modo
1943 710 1975 741 in
2004 720 2043 753 ῃς
2067 711 2163 752 (αις)”

345 766 386 770 -
411 759 468 787 ηις,
492 759 577 782 nom.
602 760 668 784 acc.
693 752 735 793 pl.
760 757 865 785 neutr.
891 753 985 786 modo
1008 754 1042 786 in
1066 752 1087 786 ἴι
1110 755 1204 788 modo
1227 755 1260 787 in
1283 758 1304 786 ἃ
1328 756 1442 788 cadere
1466 756 1519 797 (cf.
1544 757 1662 790 Rzach.
1686 758 1753 791 hes.
1778 759 1910 793 Unters.
1936 771 1966 802 p.
1988 762 2045 804 24)
2069 773 2140 796 ver-

345 799 459 833 borum
490 801 523 834 in
555 822 594 826 —
628 815 677 835 αω
709 804 773 837 tria
802 804 976 838 formarum
1010 815 1128 847 genera
1157 807 1306 847 usurpari
1341 807 1434 841 modo
1469 808 1627 850 integrm,
1662 811 1756 844 modo
1789 812 2013 854 assimulatas,
2046 815 2140 848 modo

344 855 539 886 contractas.

504 906 540 940 Si
564 908 637 948 quis
661 908 717 941 illa
740 910 884 952 exempla
907 911 1068 951 attulerit,
1101 914 1188 945 recte
1212 911 1340 954 quidem
1365 913 1497 954 dixerit,
1527 917 1635 952 tamen
1658 926 1697 950 ex
1720 920 1873 953 accurata
1895 918 2010 953 harum
2037 920 2140 955 varie-

346 961 449 991 tatum
473 960 682 1001 inquisitione
705 965 840 1002 apparet
863 962 895 994 id
918 963 1002 1002 quod
1027 963 1132 996 adhuc
1155 974 1268 1005 parum
1293 966 1455 1006 cognitum
1479 971 1538 1005 est,
1561 968 1682 1003 formas
1705 971 1776 1004 illas
1800 974 1962 1011 vetustas,
1986 975 2022 1005 ut
2045 983 2065 1007 a
2089 983 2138 1007 ce·
2154 995 2178 999 -
2220 998 2233 1001 β

342 1011 421 1044 teris
446 1012 551 1054 poetis
575 1013 683 1054 epicis,
708 1013 762 1056 qui
785 1017 858 1055 post
874 1014 1048 1049 Homerum
1073 1014 1213 1056 fuerunt,
1239 1017 1285 1050 ita
1307 1018 1348 1051 ab
1364 1019 1506 1053 Hesiodo
1529 1019 1598 1055 fere
1622 1031 1752 1064 semper
1774 1023 1806 1057 in
1832 1024 1928 1058 certis
1945 1025 2137 1067 quibusdam

343 1074 458 1097 versus
482 1065 614 1098 sedibus
637 1067 687 1099 vel
711 1068 743 1099 in
766 1066 972 1100 sollemnibus
995 1068 1141 1100 formulis
1165 1078 1235 1101 esse
1258 1074 1413 1104 servatas.
1452 1073 1544 1113 Quod
1569 1084 1640 1107 mea
1662 1076 1791 1117 quidem
1815 1077 1978 1111 sententia
2001 1088 2065 1114 nou
2087 1082 2138 1112 est

345 1117 538 1149 mirandum.
577 1118 660 1151 Nam
684 1128 793 1151 omnes
817 1118 863 1151 illi
886 1122 1000 1160 poetae
1023 1119 1218 1153 recentiores
1242 1131 1435 1164 quamquam
1459 1125 1492 1159 iu
1518 1126 1702 1160 universum
1719 1128 1861 1162 carmina
1876 1137 1940 1162 non
1955 1128 2066 1171 lingua
2081 1129 2137 1163 illa

344 1172 484 1210 vetusta,
509 1170 567 1203 sed
590 1171 733 1212 ipsorum
757 1172 872 1204 aetatis
895 1171 1005 1212 lingua
1028 1173 1276 1215 componebant,
1301 1177 1408 1209 tamen
1432 1180 1465 1211 et
1487 1178 1630 1219 singulas
1654 1178 1823 1220 formulas,
1854 1188 1937 1220 quae
1960 1181 1993 1213 in
2017 1181 2136 1215 eisdem

345 1231 459 1254 versus
483 1221 562 1255 locis
585 1231 682 1264 saepe
705 1232 765 1256 usu
788 1224 933 1256 venirent
956 1226 988 1255 et
1011 1226 1097 1256 totos
1119 1233 1233 1257 versus
1256 1226 1306 1259 vel
1329 1227 1543 1270 hemistichia,
1573 1240 1656 1272 quae
1680 1240 1778 1273 saepe
1800 1231 1833 1264 in
1856 1232 1918 1265 illis
1942 1232 2136 1267 carminibus

344 1273 490 1307 redirent
510 1275 647 1317 ideoque
670 1276 700 1309 in
726 1277 839 1310 animis
862 1278 953 1318 quasi
977 1277 1137 1319 insculpta
1160 1282 1270 1313 essent
1292 1283 1389 1322 atque
1413 1282 1459 1315 ita
1482 1283 1670 1318 viderentur
1685 1285 1791 1326 poesis
1807 1285 1917 1326 epicae
1933 1286 2074 1327 propria,
2098 1288 2135 1318 ut

345 1327 505 1359 removeri
529 1337 593 1360 non
616 1331 756 1369 possent,
781 1338 905 1362 summa
927 1330 1047 1370 pietate
1070 1334 1251 1363 servarunt.

502 1379 552 1412 Ita
575 1380 740 1422 genetivos
764 1380 796 1414 iu
820 1394 866 1413 om
891 1381 1058 1424 plerosque
1082 1382 1114 1415 in
1139 1382 1260 1417 eisdem
1284 1384 1362 1418 locis
1386 1385 1436 1419 vel
1461 1386 1492 1419 iu
1515 1386 1662 1421 formulis
1692 1390 1844 1431 usurpari
1873 1389 2018 1425 videmus
2047 1391 2133 1434 apud

343 1430 522 1465 Hesiodum
545 1437 644 1474 atque
668 1435 752 1475 apud
776 1435 994 1477 Homerum.2)
1023 1436 1069 1469 ita
1098 1435 1217 1470 formas
1246 1438 1415 1471 verborum
1447 1439 1479 1472 in
1509 1459 1543 1463 -
1569 1452 1619 1471 αω
1647 1441 1852 1475 assimulatas
1883 1443 2069 1486 saepissime
2100 1444 2132 1476 in

341 1483 486 1516 formulis
510 1485 561 1517 vel
584 1485 617 1518 iu
642 1487 739 1519 certis
763 1496 872 1520 versus
897 1488 1026 1522 sedibus
1051 1488 1184 1522 inveniri
1206 1498 1265 1522 nos
1289 1490 1370 1523 bene
1394 1491 1503 1525 docuit
1526 1493 1574 1525 vir
1604 1493 1688 1526 doct.
1715 1494 1918 1535 Mangoldius
1950 1495 2004 1537 (de
2035 1495 2130 1529 diect.

342 1536 437 1569 Hom.
462 1547 538 1579 pars
554 1538 571 1570 Ι
596 1548 665 1580 cap.
686 1539 770 1582 V.)³)
1110 1556 1112 1558 ¹

501 1676 523 1709 2)
543 1677 584 1704 De
605 1678 793 1711 genetivorum
813 1679 840 1705 in
860 1690 914 1705 -οιο
935 1681 1091 1707 exeuntium
1110 1681 1185 1715 apud
1205 1682 1354 1709 Homerum
1374 1692 1426 1710 usu
1445 1684 1556 1711 uberius
1579 1686 1710 1712 tractavit
1729 1686 1761 1712 A.
1782 1686 1902 1714 Leskien
1926 1687 1953 1713 in
1977 1687 2129 1721 annalibus,

339 1727 411 1753 quae
431 1720 631 1747 inscribuntur:
661 1722 837 1749 Jahrbucher
856 1727 906 1750 etc.
930 1726 994 1752 1867
1013 1733 1038 1758 p.
1062 1727 1125 1758 lsq.
1147 1725 1302 1752 Secundum
1328 1734 1390 1753 eum
1415 1728 1535 1761 gebetivi
1554 1728 1587 1762 in·
1602 1737 1661 1754 -οιο
1685 1729 1760 1762 apud
1778 1730 1928 1756 Homerum
1953 1730 2129 1757 inveniuntur

339 1766 388 1789 aut
406 1763 435 1789 in
454 1762 507 1789 fine
526 1772 621 1790 versus
641 1768 689 1791 aut
708 1766 736 1792 in
755 1773 870 1793 caesura
889 1767 1028 1794 trochaica
1047 1771 1095 1794 aut
1113 1768 1141 1794 iu
1161 1768 1255 1802 quinto
1276 1769 1346 1803 pede
1365 1770 1502 1797 rarissime
1521 1771 1582 1798 aliis
1601 1771 1674 1799 locis.
1704 1772 1782 1799 'Idem
1801 1772 1875 1799 cadit
1894 1773 1922 1799 in
1935 1773 2050 1801 Hesiodi
2068 1782 2127 1801 car-

337 1807 424 1839 mina}
444 1815 507 1833 nam
528 1816 562 1834 ex
581 1810 615 1835 76
635 1809 769 1836 eiusmodi
788 1810 891 1842 formis,
911 1820 981 1845 quae
1000 1811 1027 1838 in
1047 1812 1207 1846 Theogonia
1226 1813 1364 1848 leguntur,
1385 1814 1536 1842 invenimus

844 1865 878 1890 42
897 1863 924 1890 in
943 1864 996 1890 fine
1015 1872 1108 1891 versus
1323 1868 1354 1893 12
1373 1868 1400 1893 in
1420 1868 1516 1902 quinto
1534 1868 1605 1902 pede

840 1908 875 1933 20
894 1907 921 1934 in
941 1915 1010 1935 caes.
1031 1908 1118 1935 troch.
1335 1911 1351 1937 2
1370 1910 1397 1937 in
1417 1911 1504 1939 altero
1523 1911 1593 1946 pede

336 1956 363 1982 in
383 1957 521 1990 Operibus
540 1960 568 1984 et
587 1958 692 1985 Diebus
712 1967 746 1985 ex
764 1961 798 1986 35
818 1961 950 1995 exemplis
969 1961 1084 1995 legimus

846 2015 876 2039 16
895 2013 922 2040 in
941 2013 994 2041 fine
1012 2022 1106 2042 versus
1335 2017 1351 2043 7
1371 2016 1398 2042 in
1418 2016 1513 2050 quinto
1533 2017 1604 2051 pede

856 2059 872 2084 9
891 2057 919 2085 iu
939 2066 1010 2086 caes.
1031 2059 1116 2087 troch.
1337 2063 1347 2087 1
1368 2061 1396 2088 in
1415 2061 1502 2089 altero
1521 2061 1592 2096 pede

540 2141 544 2145 ¹
1088 2116 1104 2140 2
1124 2113 1150 2139 in
1170 2116 1268 2147 quarto
1288 2113 1358 2147 pede

492 2162 523 2188 ln
543 2162 627 2190 Scuto
646 2163 729 2190 Herc.
750 2172 784 2190 ex
832 2167 866 2192 38
886 2166 1017 2201 exemplis
1035 2166 1151 2201 legimus
1320 2168 1353 2194 21
1374 2167 1401 2193 in
1420 2166 1473 2194 fine
1492 2175 1587 2194 versus

855 2212 872 2237 6
891 2209 918 2237 in
937 2218 1007 2238 caes.
1026 2211 1112 2238 troch.
1275 2230 1277 2232 v
1343 2214 1355 2239 l
1375 2212 1403 2239 in
1422 2215 1521 2246 quarto
1539 2213 1611 2247 pede

854 2256 871 2280 9
889 2254 917 2280 in
936 2255 1033 2288 quinto
1050 2255 1120 2289 pede
1341 2257 1352 2281 l
1374 2256 1402 2281 in
1420 2256 1509 2289 primo
1528 2256 1607 2290 pede.

487 2313 511 2346 3)
530 2312 708 2347 Mangoldius
727 2316 855 2340 numerat
875 2314 1060 2349 septendecim
1079 2315 1181 2343 formas
1200 2315 1382 2351 assimulatas
1402 2316 1449 2345 sed
1468 2317 1564 2345 omitto
1583 2318 1633 2353 Op.
1647 2320 1699 2347 698
1719 2322 1746 2346 et
1766 2318 1808 2347 Sc.
1827 2321 1879 2347 289
1898 2320 1970 2354 quod
1989 2320 2032 2348 his
2051 2321 2119 2348 locis

327 2356 373 2382 alii
392 2357 502 2383 codices
521 2357 603 2383 aliam
624 2357 770 2384 lectionem
790 2358 931 2392 praebent.
969 2359 1013 2384 Ex
1033 2359 1149 2386 sedecim
1169 2359 1263 2386 formis
1282 2360 1447 2388 assimulatis
1466 2362 1643 2389 inveniuntur

485 2412 502 2436 6
521 2410 550 2436 in
568 2409 622 2437 fine
641 2418 738 2437 versus
976 2413 994 2438 4
1011 2411 1040 2439 in
1058 2420 1128 2440 caes.
1148 2412 1235 2439 troch.

484 2456 501 2482 2
520 2455 548 2482 in
569 2462 640 2482 caes.
661 2455 859 2490 semiquinaria
970 2458 987 2483 4
1006 2460 1069 2484 sunt
1089 2457 1196 2492 reliqua
1215 2460 1243 2484 et
1262 2456 1372 2491 quidem
1392 2458 1484 2485 omnia

325 2503 352 2532 in
372 2506 455 2533 Scuto
475 2506 615 2533 Herculis:
636 2516 660 2533 v.
677 2508 719 2535 27.
733 2509 795 2534 234.
809 2509 869 2534 390.
884 2510 944 2535 430.
