2313 3094
979 324 1191 357 -15-

322 445 326 449 .
347 419 491 460 Reliquis
513 418 592 451 locis
615 427 720 460 neque
742 417 851 451 hiatus
875 428 978 460 neque
1000 419 1227 460 productiones
1250 422 1325 453 ante
1348 419 1431 453 hanc
1454 429 1562 452 vocem
1586 422 1673 459 sunt,
1696 419 1753 452 sed
1777 418 1929 451 elisiones
1944 422 1977 451 et

190 473 419 515 correptiones.
465 480 495 504 v.
518 470 584 504 454
608 471 696 514 παρὰ
720 469 752 503 δ’
776 470 857 515 ἔργα
879 471 944 505 494
968 470 1089 515 ἅνερας
1111 470 1215 516 ἔργων
1238 472 1302 506 578
1325 472 1393 518 ἠὼς
1415 472 1479 516 γάρ
1504 471 1528 505 τ’
1552 470 1670 515 ἔργοιο.

347 525 403 559 IV.
439 524 574 558 Formae
596 533 679 565 quae
701 524 744 558 ad
766 524 907 559 radicem
924 525 994 567 fen
1014 528 1160 567 spectant
1182 529 1250 559 tres
1273 526 1489 566 inveniuntur,
1512 534 1649 566 quarum
1666 534 1731 558 una
1746 534 1787 558 ne
1803 524 1976 566 vestigium

189 577 320 620 quidem
342 576 546 618 digammatis
569 576 711 611 ostendit
734 586 762 611 v.
778 576 842 610 453
863 576 989 622 ῥηίδιον
1012 577 1075 621 γὰρ
1091 575 1176 615 ἔπος.
1209 578 1332 612 Eodem
1348 587 1444 611 versu
1458 577 1605 620 pergitur
1621 575 1698 616 ἔπος
1714 575 1825 610 εἰπεῖν.
1861 574 1977 619 Neque

188 631 249 662 hoc
271 629 342 662 loco
365 631 491 661 certum
513 629 717 670 digammatis
740 629 893 663 indicium
915 630 1155 671 agnoscendum
1178 633 1242 671 est,
1273 639 1348 663 nam
1375 634 1546 671 praeterea
1574 630 1660 670 quod
1688 630 1776 671 apud
1799 628 1977 662 Homerum

194 681 305 714 eadem
322 679 461 714 formula
476 684 641 722 comparet
657 680 756 725 1392
780 680 869 724 ὄφρα
892 680 968 718 ἔπος
991 681 1108 725 εἴπωμι
1132 682 1300 724 productio
1323 681 1379 715 illa
1401 682 1434 715 in
1457 681 1612 715 vocabulo
1636 680 1713 719 ἔπος
1733 681 1814 714 satis
1837 690 1974 715 caesura

190 732 422 774 semiquinaria
445 736 627 766 excusatur.
674 733 765 767 Idem
789 734 876 767 cadit
897 734 929 766 in
953 743 1080 766 versum
1104 734 1169 766 403
1193 734 1322 778 ἀχρεῖος
1345 734 1376 765 δ’
1401 733 1490 766 ἔσται
1512 734 1625 765 ἐπέων.

347 785 385 818 V.
420 784 459 818 In
475 794 552 818 voce
568 784 653 822 οἶκος
675 785 746 818 illos
769 784 857 818 locos
879 788 1058 826 praetereo,
1082 795 1121 818 ex
1143 785 1262 827 quibus
1285 785 1363 818 nihil
1379 789 1486 826 potest
1501 785 1583 825 erui,
1599 788 1637 817 ut
1660 795 1688 818 v.
1704 785 1768 818 395
1792 785 1979 828 ἀλλοτρίους

190 835 306 877 οἴκους,
332 846 362 869 v.
383 837 447 870 407
472 836 520 869 εῖν
543 836 630 879 οἴκῳ,
655 837 718 870 523
742 836 851 868 ἔνδοθι
874 836 974 876 οἴκου,
998 836 1059 869 601
1086 836 1181 869 idem.
1228 837 1267 870 V.
1290 837 1355 869 428
1378 836 1456 870 mihi
1480 837 1609 877 quidem
1637 837 1732 870 lectio
1763 838 1904 879 vulgaris
1933 838 1978 874 εἷς

190 887 274 920 οἷκον
298 889 437 922 tenenda
460 899 531 923 esse
555 889 696 929 videtur,
725 889 812 930 quod
843 889 927 922 idem
956 889 1075 931 legitur
1099 888 1203 921 Ζ490
1227 889 1323 922 α356
1348 889 1459 933 φ350.
1495 907 1538 913 -
1574 890 1641 922 Iam
1672 898 1736 922 uno
1766 889 1836 922 loco
1859 899 1890 921 v.
1913 889 1977 921 432

190 939 354 974 sollemnis
377 940 514 974 formula
536 941 698 974 homerica
719 940 840 981 legitur
863 940 942 972 κατὰ
962 939 1062 977 οἷκονς
1097 944 1169 973 erat
1191 941 1275 974 enim
1305 951 1343 974 ex
1365 940 1507 975 Homero
1537 945 1615 974 nota
1642 941 1681 974 cf.
1705 940 1736 973 Z
1747 942 1789 973 56
1819 953 1837 973 τ
1850 941 1899 974 18.
1924 942 1978 973 67.

194 992 266 1025 195.
291 992 365 1026 536.
390 993 504 1025 ω272.
551 992 718 1026 Invenitur
740 992 856 1027 deinde
880 1002 909 1026 v.
932 993 997 1026 495
1019 992 1108 1035 μέγα
1131 992 1216 1025 οἷκον
1238 993 1370 1038 ὀφέλλῃ.
1414 993 1478 1027 Sed
1501 1003 1668 1027 caesuram
1691 994 1723 1027 in
1751 994 1859 1036 quarti
1887 993 1980 1036 pedis

189 1044 254 1078 fine
275 1055 335 1087 pro
358 1049 476 1079 natura
498 1045 617 1079 heroici
642 1055 753 1079 versus
776 1046 906 1079 maximi
934 1055 1005 1079 esse
1035 1046 1187 1079 momenti
1210 1046 1422 1079 Hoffmannus
1453 1047 1592 1088 (quaest.
1617 1047 1636 1088 §
1660 1046 1716 1087 37)
1746 1050 1833 1079 recte
1861 1046 1980 1079 docuit.

191 1097 364 1131 Praeterea
380 1098 411 1130 id
435 1107 552 1131 causae
574 1098 690 1131 afferre
712 1097 817 1137 liceat,
841 1098 927 1139 quod
949 1101 1046 1139 poeta
1068 1097 1190 1131 hiatum
1214 1098 1386 1132 admittere
1409 1098 1523 1131 maluit
1545 1107 1642 1140 quam
1658 1097 1828 1131 formulam
1844 1098 1980 1131 homeri-

191 1158 261 1183 cam
285 1148 370 1182 οἶκον
393 1149 513 1194 ὀφέλλῃ
537 1153 671 1183 mutare.

348 1213 378 1235 v.
401 1203 465 1236 525
489 1203 618 1236 videtur
640 1202 674 1234 ἐν
698 1202 723 1234 τ’
747 1202 862 1245 ἀπύρῳ
886 1202 972 1245 οἴκῳ.
1018 1201 1082 1236 Sed
1105 1203 1146 1235 he
1168 1203 1228 1237 hoc
1250 1203 1380 1244 quidem
1409 1203 1477 1237 loco
1507 1207 1558 1236 est
1585 1213 1643 1236 cur
1670 1203 1876 1242 haereamus,
1905 1213 1977 1236 cum

194 1266 223 1296 ῳ
248 1254 366 1287 vocalis
389 1254 503 1295 quavis
525 1254 592 1287 arsi
615 1254 748 1296 produci
764 1253 978 1287 Hoffmannus
1002 1254 1234 1288 demonstravit
1258 1255 1396 1296 (quaest.
1421 1255 1505 1288 hom.
1530 1254 1621 1296 §50.
1638 1255 1673 1297 2)
1697 1258 1730 1288 et
1753 1264 1855 1296 nuper
1871 1255 1977 1288 denuo

193 1306 331 1340 Hartelii
347 1307 527 1348 exemplum
542 1311 673 1340 secutus
689 1307 739 1339 vir
754 1306 960 1340 doctissimus
976 1305 1136 1339 Rzachius
1152 1307 1217 1340 hes.
1235 1307 1312 1340 Unt.
1336 1317 1366 1348 p.
1392 1307 1411 1339 6
1423 1317 1472 1349 sq.
1484 1325 1527 1331 —
1552 1317 1579 1339 v.
1604 1306 1668 1340 576
1691 1307 1856 1340 invenitur
1883 1307 1976 1339 σπεύ-

193 1358 260 1389 δειν
283 1360 332 1390 καὶ
355 1358 473 1398 οἴκαδε,
497 1368 580 1399 quae
602 1358 772 1399 productio
795 1368 853 1398 per
876 1368 911 1391 se
934 1358 1142 1391 offensionem
1165 1359 1321 1400 praebere
1344 1368 1437 1391 nemo
1461 1359 1601 1399 negabit.
1645 1358 1709 1391 Sed
1732 1358 1977 1399 productionem

192 1410 370 1451 particulae
394 1411 443 1443 καὶ
465 1413 540 1444 ante
563 1419 672 1444 vocem
695 1409 780 1447 οἶκος
807 1409 872 1443 iam
904 1411 991 1452 apud
1014 1410 1191 1444 Homerum
1223 1411 1349 1453 repperi
1379 1410 1466 1444 hisce
1494 1411 1587 1444 locis:
1624 1410 1723 1444 9513
1755 1409 1853 1443 6520
1883 1410 1978 1447 ξ210

193 1462 240 1504 (in
264 1463 319 1497 1v.
342 1463 440 1505 thesi)
465 1464 531 1506 ᾠ7.
556 1463 608 1495 27.
635 1463 697 1495 108
722 1463 769 1505 (in
797 1462 925 1504 altera).
971 1463 1119 1505 Denique
1149 1465 1290 1498 occurrit
1320 1463 1486 1506 ἀπόὸρεπε
1515 1462 1625 1495 οἴκαδε
1649 1473 1677 1495 v.
1702 1464 1776 1495 611.
1823 1462 1887 1496 Sed
1918 1464 1979 1496 hoc

192 1515 261 1547 loco
284 1514 369 1548 idem
393 1515 488 1553 valet,
511 1514 598 1555 quod
620 1515 652 1546 in
677 1524 772 1547 versu
795 1515 870 1547 495.
917 1515 964 1547 De
988 1516 1120 1549 vocibus
1143 1516 1312 1559 φερέοικος
1335 1520 1368 1549 et
1390 1515 1496 1553 ἄοικος
1519 1516 1563 1557 (v.
1588 1515 1649 1548 571
1676 1518 1709 1548 et
1732 1524 1761 1546 v.
1779 1514 1857 1556 600)
1882 1514 1922 1548 cf.
1947 1519 1980 1547 et

193 1575 232 1599 ea
254 1576 338 1609 quae
360 1567 429 1609 ipse
452 1568 485 1600 in
509 1567 609 1610 praef.
635 1567 762 1600 dissert.
787 1577 828 1599 m.
852 1577 884 1609 p.
908 1567 927 1599 3
952 1569 1115 1602 enuntiavi
1139 1572 1172 1602 et
1194 1578 1278 1610 quae
1301 1567 1383 1601 Isler
1406 1577 1461 1610 qu.
1484 1568 1561 1601 Hes.
1586 1577 1670 1609 spec.
1694 1577 1726 1609 p.
1752 1568 1792 1600 15
1816 1567 1934 1600 attulit.

350 1621 406 1653 VI.
442 1620 656 1652 Transeamus
680 1620 721 1652 ad
746 1629 854 1652 vocem
879 1620 963 1657 οἶνος
986 1621 1181 1662 similesque.
1218 1621 1286 1652 Iam
1310 1621 1413 1661 primo
1429 1620 1509 1659 loco,
1533 1620 1590 1652 ubi
1606 1620 1725 1660 legitur
1742 1620 1797 1662 τὴν
1813 1618 1981 1662 φθάμενος

196 1670 286 1708 οἴνας
309 1672 352 1713 (ν.
377 1671 473 1713 570),
504 1671 666 1712 digamma
689 1672 905 1705 demonstrari
928 1682 991 1705 non
1015 1676 1131 1714 potest.
1178 1672 1260 1704 Nam
1282 1671 1347 1704 iam
1378 1672 1418 1704 de
1448 1671 1660 1712 productione
1688 1670 1915 1703 vocabulorum
1948 1671 1979 1703 in

192 1727 258 1756 tres
271 1724 384 1757 breves
401 1724 541 1765 syllabas
557 1724 796 1756 terminantium
812 1724 951 1758 diximus
963 1734 1036 1767 pag.
1052 1726 1102 1756 14.
1119 1742 1162 1748 —
1177 1723 1214 1757 In
1231 1733 1327 1757 versu
1343 1723 1407 1756 572
1423 1722 1525 1755 οὐκέτι
1541 1722 1652 1754 οἰνέων
1666 1722 1774 1756 hiatus
1791 1723 1871 1756 satis
1888 1732 1979 1756 excu-

193 1779 285 1809 satur
308 1776 437 1809 litterae
460 1775 565 1808 finalis
588 1775 751 1809 firmitate.
787 1777 954 1811 Postremo
978 1779 1138 1819 digamma
1163 1787 1233 1810 esse
1256 1777 1384 1809 videtur
1407 1786 1435 1808 v.
1452 1776 1526 1808 585.
1562 1776 1713 1816 Legimus
1729 1776 1815 1808 enim
1831 1776 1880 1807 καὶ
1896 1774 1981 1812 οἶνος

193 1828 332 1871 ἄριστος.
370 1828 433 1860 Sed
457 1828 517 1861 hoc
539 1828 580 1861 ab
602 1827 734 1861 Homeri
757 1839 861 1862 sermo
885 1839 1032 1863 sermone
1058 1831 1188 1863 minime
1210 1830 1373 1868 abhorret,
1397 1837 1496 1869 quum
1519 1828 1706 1869 saepissime
1729 1828 1907 1870 particulae
1931 1827 1983 1859 καί

193 1884 269 1914 ante
291 1889 407 1912 nomen
431 1877 515 1915 οἶνος
537 1879 705 1919 productio
728 1879 786 1912 fiat
808 1880 847 1912 ef.
871 1881 889 1911 Ι
896 1881 961 1913 489
986 1893 1003 1912 ε
1017 1882 1079 1914 156
1099 1882 1200 1923 μ327
1225 1882 1295 1913 ν69
1320 1893 1337 1912 ο
1351 1881 1415 1912 323
1434 1881 1533 1924 χ479
1558 1881 1590 1913 in
1613 1879 1670 1912 IV.
1695 1881 1779 1913 thesi
1803 1883 1840 1912 ut
1868 1884 1979 1912 nostro

193 1932 262 1964 loco
286 1930 392 1962 Γ246
415 1931 448 1962 in
471 1930 621 1963 secunda.

351 1984 420 2016 VII.
467 1986 551 2017 Ante
576 1993 683 2018 vocem
707 1984 789 2029 ἦθος
811 1985 931 2026 legitur
954 1986 1006 2017 καί
1027 1986 1059 2018 in
1083 1985 1175 2018 hiatu
1198 1985 1320 2018 illicito.
1361 1986 1576 2026 Exspectatur
1598 1984 1683 2017 enim
1707 1984 1878 2024 correptio.
1914 1983 1977 2016 Sed

192 2036 287 2069 huius
318 2036 495 2077 particulae
524 2036 765 2078 productionem
797 2042 920 2071 certum
951 2038 1155 2079 digammatis
1185 2037 1355 2079 vestigium
1386 2047 1449 2070 non
1480 2045 1552 2070 esse
1577 2036 1757 2070 habendam
1790 2037 1853 2069 iam
1881 2046 1980 2078 supra

194 2088 372 2130 significavi
395 2100 468 2132 pag.
486 2090 516 2122 8.

351 2142 438 2175 VIII.
475 2142 543 2176 Iam
567 2153 630 2176 uno
653 2153 785 2176 numero
809 2143 1002 2186 complectar
1025 2153 1080 2177 eas
1100 2143 1228 2184 formas,
1252 2152 1335 2183 quae
1351 2143 1539 2176 derivantur
1554 2152 1574 2176 a
1590 2142 1753 2176 radicibus
1762 2142 1851 2184 Ῐελπ
1872 2141 1978 2184 (Curt.

196 2193 273 2226 (ir-⁴
295 2204 327 2236 p.
344 2195 422 2236 264)
446 2198 478 2228 et
496 2195 559 2237 fec
583 2195 711 2237 (Curt.4
733 2206 764 2237 p.
784 2196 848 2228 379
872 2196 988 2229 Hoffm.
1013 2197 1033 2238 ξ
1056 2196 1143 2237 113).

351 2246 456 2280 Versu
480 2248 544 2280 475
567 2251 643 2281 ante
665 2248 798 2281 formam
823 2247 920 2279 ἔολπα
943 2257 1119 2290 pronomen
1143 2247 1181 2279 σέ
1204 2248 1368 2280 elisionem
1392 2258 1456 2280 non
1472 2248 1606 2289 patitur.
1641 2248 1812 2281 Sollemnis
1829 2249 1913 2281 enim
1930 2252 1980 2281 est

194 2298 333 2333 formula
354 2299 515 2333 homerica
538 2300 576 2333 cf.
601 2300 693 2333 ε379
717 2300 869 2342 r375.¹⁶)
901 2319 942 2324 —-
972 2300 1076 2333 Versu
1097 2301 1162 2333 498
1185 2300 1234 2332 ἐπὶ
1257 2300 1368 2333 ἐλπίδα
1391 2301 1500 2334 hiatus
1523 2302 1603 2334 satis
1635 2301 1851 2335 excusationis
1880 2301 1978 2334 habet

193 2351 313 2385 vocalis
336 2363 345 2382 ι
367 2351 530 2392 firmitate,
553 2362 636 2394 quae
659 2362 794 2386 caesura
817 2352 960 2390 bucolica
983 2357 1078 2387 aucta
1101 2357 1161 2386 est.
1180 2372 1220 2377 —-
1246 2354 1360 2395 Neque
1382 2364 1421 2387 ex
1443 2353 1548 2387 forma
1571 2354 1683 2396 εἵματα
1699 2354 1875 2395 quidquam
1891 2353 1979 2386 colli-

192 2404 332 2444 gendum
355 2407 416 2442 est,
438 2404 564 2445 patitur
586 2405 671 2438 enim
693 2408 769 2438 ante
792 2415 863 2439 eam
886 2405 1045 2447 particula
1068 2416 1102 2437 τε
1125 2404 1291 2439 elisionem
1307 2414 1337 2438 v.
1355 2405 1419 2438 556
1436 2406 1517 2437 κατά
1533 2403 1563 2436 θ’
1584 2405 1697 2448 εἳῇιιατα
1713 2404 1824 2450 δεύσῃ.
1860 2404 1980 2439 Hiatus

352 2516 387 2549 ¹⁶)
407 2515 522 2548 Saepius
541 2519 634 2543 autem
653 2517 728 2551 apud
748 2517 896 2544 Homerum
916 2518 991 2545 elisio
1011 2518 1148 2545 invenitur
1166 2518 1199 2544 cf.
1226 2517 1306 2545 Υ186
1326 2518 1353 2545 Χ
1359 2520 1411 2545 216
1428 2518 1511 2551 ,8275
1531 2520 1612 2546 θ315
1631 2521 1722 2554 φ583.
