2384 3063
1154 306 1373 339 -22-

363 404 471 434 tamen
497 401 604 434 vivum
629 400 792 442 digamma
816 411 993 444 agnoscere
1016 413 1077 436 non
1102 412 1244 444 possum,
1269 403 1354 446 quod
1379 403 1547 446 productio
1572 402 1714 445 syllabae
1737 402 1768 434 in
1794 410 1889 435 unam
1912 410 2083 434 consonam
2107 403 2160 436 ‹le-

362 449 499 487 sinentis
523 457 646 487 certum
671 454 879 495 digammatis
904 456 1074 496 vestigium
1098 466 1160 489 non
1178 465 1249 489 esse
1265 456 1329 489 iam
1346 456 1557 490 Hoffmannus
1573 459 1607 490 et
1621 459 1694 498 post
1710 465 1782 489 eum
1799 464 1903 497 nuper
1917 454 2160 488 accuratissime

363 505 528 539 Hartelius
553 505 673 539 docuit.
722 505 814 539 Idem
838 507 963 541 monuit
986 516 1136 548 magnum
1161 507 1244 540 arsis
1269 508 1490 543 adiumentum
1522 519 1609 549 esse,
1642 509 1669 542 si
1701 508 1891 541 vocabulum
1922 506 2085 550 quoddam
2113 508 2160 540 ita

362 558 594 600 pronuntiatur
616 562 653 592 ut
678 568 698 591 a
721 561 870 601 sequenti
894 569 1010 601 magno
1034 560 1119 593 vocis
1143 560 1313 593 intervallo
1337 566 1521 603 separetur,
1551 562 1584 594 id
1608 562 1694 602 quod
1718 561 1873 602 imprimis
1904 560 1938 593 in
1968 559 2158 593 vocabulum

362 614 509 644 nostrum
533 610 630 643 κακόν
655 612 753 645 cadit.
1645 624 1649 627 ·

521 664 580 698 111.
618 665 735 699 Paucis
763 668 889 699 tantum
920 666 998 699 locis
1030 664 1123 709 ἔργον
1154 664 1260 708 ἔρδειν
1291 666 1361 698 sim.
1393 667 1609 699 inveniuntur.
1656 657 1795 699 Duobus
1819 667 1944 705 autem,
1973 674 2072 707 quum
2101 664 2160 697 fiat

363 716 522 751 vocalium
547 728 735 760 concursus,
762 719 968 761 digammatis
992 718 1163 760 vestigium
1188 721 1354 751 servatum
1379 727 1450 751 esse
1474 717 1611 751 videtur.
1652 717 1716 750 Sed
1740 726 1812 750 cum
1835 715 1975 750 formula
1996 716 2159 762 βροτήσια

362 770 443 813 ἔργα
467 781 496 803 v.
515 771 579 804 673
604 771 790 805 conferatur
812 772 829 803 λ
842 772 906 804 246
924 771 1092 816 φιλοτήσια
1109 769 1189 814 ἔργα
1212 775 1311 812 atque
1328 770 1449 803 multae
1466 769 1557 810 aliae,
1581 779 1665 811 quae
1680 770 1743 802 iam
1759 778 1859 810 supra
1881 768 2000 802 allatae
2020 772 2158 802 sunt.—

361 823 476 865 Neque
500 834 538 858 eo
563 825 655 858 hiatu
679 825 853 866 quidquam
878 823 1035 864 efficitur,
1064 824 1118 865 qui
1143 827 1194 856 est
1217 833 1246 856 v.
1272 824 1336 856 779
1361 821 1557 866 προβάλοιτό
1585 834 1620 855 τε
1648 821 1754 865 ἔργον.
1802 833 1836 854 τε
1867 825 1943 855 ante
1971 820 2074 865 ἔργον-
2095 831 2159 855 non

362 875 482 908 inveni.
518 875 582 909 Sed
606 880 683 910 ante
707 875 812 919 ἔργων
835 877 961 909 duobus
984 875 1063 909 locis
1087 876 1199 909 eodem
1224 877 1305 918 pede
1328 880 1427 918 atque
1450 880 1561 910 nostro
1585 876 1654 910 loco
1677 874 1796 917 legitur
1818 874 1908 907 1443
1932 876 2102 919 πρηκτῆρά
2125 887 2159 908 τε

364 926 470 970 ἔργων
496 929 525 960 P
538 930 603 962 549
627 929 662 965 ὃς
683 929 732 971 ῥά
755 940 788 960 τε
812 927 926 970 ἔργων.
971 927 1085 960 Multis
1110 937 1185 960 vero
1209 928 1289 961 locis
1312 929 1472 970 particula
1495 928 1532 960 δέ
1555 932 1631 961 ante
1655 927 1750 971 ἔργον
1779 927 1991 970 conspicitur,
2020 937 2158 969 quorum

363 981 503 1023 exempli
528 991 627 1015 causa
650 979 821 1014 nonnullos
845 979 944 1014 affero
969 979 997 1011 B
1012 980 1052 1012 15
1077 979 1154 1022 ἄμμι
1179 980 1215 1012 δὲ
1239 979 1337 1024 ἔργον
1360 981 1383 1014 Δ
1399 982 1439 1015 14
1464 981 1519 1014 99
1544 980 1574 1013 Ξ
1581 981 1643 1014 361
1670 980 1770 1013 Ρ179
1800 978 1829 1011 Υ
1838 979 1899 1012 116
1916 983 1976 1014 etc.
2012 980 2158 1022 Denique

360 1033 548 1066 conferatur
572 1037 683 1066 nostra
707 1033 844 1065 formula
867 1042 940 1065 cum
964 1033 1127 1064 simillima
1151 1033 1296 1065 clausula
1313 1033 1487 1067 Homerica
1504 1034 1668 1066 τετέλεστο
1685 1033 1722 1064 δὲ
1738 1032 1833 1075 ἔργον
1851 1033 1961 1077 χ479.
1980 1051 2020 1056 -
2037 1031 2158 1066 Contra

363 1086 526 1128 digamma
549 1085 729 1127 neglectum
754 1087 804 1118 est
828 1094 857 1117 v.
882 1084 946 1117 710
969 1084 1007 1129 ἠὲ
1030 1085 1083 1116 καὶ
1103 1083 1202 1127 ἔρξας
1226 1085 1290 1118 708
1316 1086 1411 1118 κακὸν
1436 1085 1544 1131 ἔρξῃς.
1573 1105 1611 1110 -

523 1139 579 1171 IV.
615 1137 769 1179 Sequitur
786 1140 822 1170 ut
838 1147 973 1178 agamus
990 1138 1029 1169 de
1044 1137 1165 1177 formis,
1191 1148 1273 1179 quae
1290 1139 1331 1171 ab
1348 1138 1456 1171 radice
1466 1138 1560 1178 foex·
1577 1138 1774 1170 derivantur.
1810 1137 1932 1170 Omitto
1949 1147 2077 1170 versum
2094 1137 2158 1169 800

362 1190 475 1232 ἄγεσι9’
500 1191 544 1228 εἷς
567 1190 660 1228 οἶκον,
686 1200 724 1223 ex
747 1199 811 1230 quo
836 1189 915 1222 nihil
941 1189 1090 1223 concludi
1115 1193 1232 1231 potest.
1270 1190 1408 1224 Duobus
1432 1190 1544 1223 alteris
1568 1190 1656 1230 locis,
1681 1190 1799 1231 quibus
1816 1198 1930 1222 nomen
1948 1188 2033 1226 οἶκος
2048 1199 2158 1223 occur-

362 1243 416 1283 rit,
440 1244 538 1277 habet
562 1243 670 1276 hiatus
693 1242 774 1275 satis
799 1243 1014 1275 excusationis
1039 1253 1056 1275 e
1079 1242 1184 1275 finalis
1209 1243 1327 1276 vocalis
1356 1243 1519 1275 firmitate.
1569 1242 1708 1276 Videtur
1737 1242 1821 1275 enim
1844 1251 1875 1274 v.
1898 1242 1961 1274 695
1985 1242 2059 1273 τεὸν
2090 1242 2158 1273 ποτὶ

363 1295 448 1326 οἶκον
472 1306 501 1327 v.
527 1296 591 1327 733
616 1294 726 1326 ἔνδοθι
749 1294 843 1327 οἴκου.

521 1348 559 1380 V.
596 1346 660 1379 Vix
683 1349 743 1386 est,
767 1346 853 1387 quod
878 1347 995 1379 addam
1020 1347 1226 1388 digammatis
1251 1347 1423 1388 vestigium
1448 1348 1480 1379 in
1505 1357 1581 1380 voce
1606 1346 1689 1384 οἶνος
1714 1347 1836 1380 nullum
1855 1355 1925 1380 esse
1949 1355 1978 1378 v.
1995 1346 2059 1377 744
2072 1345 2157 1389 μηδὲ

362 1400 427 1431 ποτ’
452 1399 606 1444 οἰνοχόην.
655 1400 778 1432 Versus
803 1399 867 1431 817
898 1398 978 1444 θοὴν
1011 1400 1056 1437 εἷς
1085 1399 1200 1431 οἴνοπα
1230 1400 1343 1432 πόντον
1374 1403 1497 1433 certum
1529 1400 1733 1441 digammatis
1763 1399 1891 1440 signum
1920 1408 1983 1432 non
2012 1398 2155 1439 praebet.

359 1453 471 1485 Potius
495 1462 534 1485 ex
558 1452 617 1485 hoc
642 1461 738 1484 versu
762 1451 908 1485 concludi
934 1455 1050 1492 potest,
1075 1456 1241 1485 auctorem
1265 1454 1334 1486 eius
1358 1453 1520 1494 digamma
1544 1463 1608 1486 non
1631 1453 1770 1492 novisse,
1795 1451 1882 1493 quod
1905 1451 1937 1484 in
1954 1450 2092 1484 formula
2108 1449 2157 1482 ἐπὶ

361 1503 476 1535 οἴνοπα
500 1503 614 1536 πόντον
636 1503 781 1537 haesisse
804 1503 943 1536 videtur.

520 1555 576 1588 VI.
612 1556 683 1590 Uno
706 1556 769 1589 iam
793 1565 928 1590 numero
952 1557 1186 1598 comprehendo
1211 1567 1337 1590 versum
1362 1558 1426 1590 704
1451 1561 1483 1591 et
1507 1558 1580 1590 795.
1628 1556 1741 1590 Priore
1764 1556 1833 1590 loco
1858 1559 1907 1589 est
1937 1555 2070 1597 antiqua
2093 1555 2157 1588 for-

362 1608 449 1640 mula
473 1609 522 1639 καὶ
545 1608 676 1650 ἴφθιμόν
701 1620 762 1650 περ
792 1609 902 1648 ἐόντα,
932 1618 1015 1649 quae
1043 1612 1148 1642 exstat
1172 1609 1293 1648 11260,
1327 1611 1506 1651 posteriore
1536 1611 1599 1642 alia
1630 1610 1768 1642 formula
1798 1608 1967 1642 notissima
1998 1607 2156 1644 εἰλίποδας

362 1659 466 1698 ἕλικας
487 1660 570 1702 βοῦς
593 1660 684 1693 1466
708 1661 809 1693 1166.
834 1660 898 1693 448
923 1673 942 1692 α
957 1661 997 1693 92
1022 1660 1118 1694 ὃ320
1142 1662 1216 1694 ι46.
1262 1663 1266 1667 ’

522 1713 594 1745 VII.
632 1714 732 1746 Porro
749 1713 931 1754 neglectum
955 1717 1005 1746 est
1029 1714 1190 1755 digamma
1214 1715 1301 1747 vocis
1326 1714 1396 1751 ἔτος
1420 1725 1447 1747 ν.
1466 1716 1530 1746 696
1556 1714 1746 1758 τριηκόντων
1770 1713 1879 1753 ἐτέων,
1903 1723 1968 1754 qua
1991 1714 2031 1746 de
2054 1713 2156 1746 forma

361 1764 445 1797 infra
468 1765 622 1798 dicemus.

522 1815 611 1848 VIII.
660 1816 773 1858 Neque
797 1817 962 1858 proprium
988 1818 1074 1850 vocis
1098 1817 1166 1855 ἶσος
1191 1819 1353 1859 digamma
1376 1819 1591 1852 demonstrari
1615 1821 1723 1860 potest
1746 1828 1784 1850 ex
1808 1828 1836 1851 v,
1861 1817 1923 1849 707
1945 1817 2030 1861 μηδὲ
2053 1829 2157 1859 κασιγ-

362 1869 448 1912 νήτῳ
472 1869 540 1900 ἴσον
565 1879 636 1903 cum
655 1870 774 1903 vocalis
798 1883 826 1913 ῳ
850 1870 931 1903 satis
948 1869 1083 1904 firmiter
1100 1880 1234 1904 caesura
1249 1873 1494 1914 semiquinaria,
1518 1873 1645 1905 omnino
1662 1875 1769 1904 autem
1787 1871 1917 1904 evanuit
1940 1880 1968 1902 v.
1986 1870 2049 1902 752
2071 1870 2155 1914 μηδὲ

361 1921 614 1966 δυωδεκάμηνον
639 1921 718 1954 ἴσον.

519 1976 574 2009 ΙΧ.
612 1976 758 2018 Denique
782 1976 929 2009 videmus
953 1975 1002 2008 ἵνα
1026 1980 1101 2010 ante
1124 1976 1209 2022 ἤθεα
1234 1977 1399 2012 elisionem
1424 1988 1486 2012 non
1513 1978 1580 2021 pati
1604 1987 1633 2010 v.
1651 1977 1714 2009 699
1731 1976 1780 2008 ἵνα
1799 1974 1882 2022 ἤθεα
1899 1975 1994 2008 κεδνὰ
2011 1975 2154 2020 διδάξῃς.

362 2029 425 2061 Sed
448 2030 587 2070 primum
610 2030 660 2060 ἵνα
682 2031 759 2062 item
783 2031 924 2071 positum
949 2030 1013 2061 vidi
1037 2031 1123 2071 apud
1148 2032 1324 2063 Homerum
1351 2031 1449 2063 19580
1478 2032 1523 2073 (in
1548 2032 1586 2064 ΙΙ.
1612 2031 1709 2071 thesi)
1739 2030 1856 2062 deinde
1885 2029 1963 2061 haec
1992 2029 2087 2061 lectio
2117 2040 2155 2062 ex

362 2081 496 2114 Aristot.
536 2082 610 2115 Oec.
629 2082 680 2115 111
705 2085 831 2115 tantum
856 2083 896 2116 ab
921 2082 1100 2116 editoribus
1124 2085 1357 2118 recentioribus
1380 2088 1511 2126 recepta
1534 2086 1594 2123 est,
1618 2086 1651 2116 et
1674 2092 1773 2124 quum
1797 2091 1907 2114 omnes
1931 2080 2056 2114 codices
2080 2091 2155 2115 rara

361 2135 571 2167 consensione
595 2135 640 2172 ὡς
663 2133 692 2166 κ’
717 2134 801 2179 ἤθεα
825 2136 1010 2176 praebeant,
1037 2145 1098 2169 non
1123 2139 1173 2169 est
1197 2146 1255 2169 cur
1284 2137 1390 2177 potius
1414 2135 1622 2169 Aristotelem
1657 2143 1840 2176 sequamur.
1887 2134 1976 2167 Idem
2000 2133 2067 2167 fere
2090 2137 2155 2167 sta-

361 2186 465 2219 tuisse
500 2186 629 2219 videtur
663 2188 862 2228 Koechlyus‚
905 2189 959 2227 qui
994 2198 1097 2228 nuper
1132 2189 1217 2221 illam
1254 2189 1442 2225 lectionem,
1482 2197 1578 2228 quam
1617 2188 1680 2219 iam
1716 2186 1877 2227 Spohnius
1916 2188 2081 2232 tenuerat,
2121 2187 2153 2218 in

360 2241 451 2272 textu
476 2239 592 2281 posuit.

519 2293 634 2325 Restat
657 2296 694 2325 ut
718 2303 755 2325 ex
780 2293 928 2325 instituto
953 2296 1063 2326 nostro
1087 2304 1190 2334 pauca
1214 2296 1253 2328 de
1277 2286 1324 2328 eis
1348 2295 1459 2328 formis
1484 2293 1714 2334 vocabulisque
1738 2294 1904 2332 addamus,
1929 2303 2011 2336 quae
2034 2293 2075 2327 ab
2091 2303 2153 2327 usu

358 2345 521 2379 homerico
544 2354 678 2388 prorsus
701 2344 864 2379 recedant.

519 2399 551 2439 1)
571 2398 756 2442 χρυσάορα
770 2398 974 2432 accusativus
997 2409 1017 2431 a
1040 2400 1272 2433 consuetudine
1296 2400 1458 2434 homerica
1481 2400 1644 2433 abhorret.
1692 2400 1724 2432 Is
1748 2400 1831 2432 enim
1856 2399 1958 2433 utitur
1986 2399 2050 2432 illis
2069 2395 2152 2433 'duo—

360 2451 420 2484 bus
443 2451 531 2492 locis,
555 2451 611 2485 ubi
635 2451 715 2485 haec
739 2460 800 2484 vox
824 2451 975 2489 occurrit,
998 2450 1101 2485 forma
1119 2452 1308 2497 χρυσάορον
1336 2451 1434 2483 0256
1459 2451 1571 2483 Ε509.

518 2504 551 2545 2)
586 2503 897 2537 Commemoratione
929 2504 1025 2545 digna
1057 2514 1126 2537 esse
1156 2504 1285 2537 videtur
1316 2505 1417 2537 forma
1449 2504 1568 2548 αἴνημι,
1595 2515 1676 2546 quae
1706 2509 1870 2546 comparet
1894 2516 1922 2537 v.
1948 2506 2021 2538 683.
2069 2506 2150 2539 Nam
