2398 3107
1295 274 1512 308 -36—

509 371 637 404 initium
661 380 785 412 capere.
831 370 899 405 Nec
922 370 1024 404 maior
1047 373 1098 403 est
1121 369 1293 404 difficultas
1316 370 1646 408 ν.10οἈπι’λλωνος
1669 370 1902 416 ἑκατηβελέταο
1925 370 2076 409 ‹luant-nm
2100 373 2188 406 tota!
2211 372 2295 407 enim

509 423 601 459 locus
623 433 661 457 ex
684 422 830 458 Homero
852 422 947 456 fluxit

666 476 697 508 6.
731 475 886 518 Sequitur
909 478 948 510 ut
970 485 1104 518 agamus
1128 476 1168 510 de
1192 476 1282 511 verbi
1312 476 1400 522 ἰάχω.
1446 476 1484 509 In
1515 476 1673 519 principio
1704 485 1816 512 versus
1839 477 1900 510 441
1926 475 2045 519 legitur
2073 474 2174 524 ὥασῃ
2197 476 2216 509 ὁ
2235 475 2296 520 μὲν

508 527 592 574 ἰαχῇ.
646 527 711 562 Sed
741 537 936 594 quamquam
965 531 1093 562 constat
1122 528 1202 573 ῖάχω
1233 530 1363 572 proprie
1393 529 1492 564 fuisse
1516 529 1662 575 f‘fss'lws
1693 531 1784 564 cuius
1815 529 1977 572 digamma
2004 528 2090 572 apud
2121 526 2295 563 Homerum

508 581 605 615 etiam
629 581 661 615 in
685 581 847 615 adiectivo
870 581 993 626 αὐίαχοι
1017 581 1048 613 Ν
1053 581 1094 614 41
1120 584 1284 616 servatum
1309 585 1374 622 est,
1404 582 1464 616 hoc
1487 582 1556 617 loco
1585 583 1625 616 de
1654 583 1848 625 digammate
1877 592 1949 617 mea
1978 581 2108 625 quidem
2135 580 2296 616 sententia

507 643 570 667 non
594 635 645 667 est
667 633 884 674 cogitandum.
920 633 1135 670 Hoffmannus
1160 634 1245 667 enim
1267 634 1379 668 docuit
1402 635 1469 676 (qu.
1494 635 1586 668 Hom.
1606 635 1630 668 1.
1651 635 1726 676 101)
1749 635 1977 676 productiones
1999 635 2034 667 in
2055 634 2121 668 arsi
2143 633 2295 674 secunda,

508 685 535 719 si
558 686 750 728 sequeretur
772 694 907 719 caesura
930 685 1173 727 semiternaria,
1201 695 1285 729 quae
1307 687 1392 720 esset
1415 688 1490 720 ante
1513 695 1679 720 caesuram
1702 686 1898 722 trochaicam
1920 685 2010 729 pedis
2031 686 2121 721 tertii
2147 693 2212 720 non
2240 684 2297 720 ab·

508 738 642 773 horrere
664 737 707 772 ab
728 747 792 773 usu
808 738 992 774 Homerico.
1028 737 1205 773 Praeterea
1224 739 1284 782 μέν
1308 738 1468 782 particula
1490 740 1602 774 eadem
1618 748 1730 774 versus
1746 739 1824 774 sede
1837 739 2055 783 productum
2046 738 2153 774 inveni
2175 738 2209 772 ΙΙ
2214 737 2294 772 389

510 791 653 836 κτήματα
679 790 741 832 μὲν
770 791 821 823 80⁹
843 790 1050 835 Ἀλέξανδρος
1073 794 1134 826 etc.
1172 810 1213 816 --
1247 792 1384 825 Prorsus
1412 795 1520 826 antem
1550 791 1730 835 neglectum
1761 795 1812 826 est
1841 791 1985 827 eiusdem
2015 791 2106 826 verbi
2135 791 2297 861 digamma

509 854 539 878 v.
563 844 628 878 436
652 843 832 888 ἀμφότεροι
855 844 885 876 δ’
909 844 1062 890 ἰάχοντες,
1086 855 1182 887 quem
1205 845 1333 887 quidem
1356 844 1506 879 Flachius
1529 845 1675 879 mutavit.
2100 864 2109 867 <

668 898 719 932 De
741 907 840 932 versu
863 908 893 930 v.
911 899 985 939 382,
1010 898 1065 932 ubi
1088 899 1208 940 legitur
1228 896 1343 940 μεγάλ’
1367 897 1468 942 ἴαχον,
1490 898 1656 932 contendit
1670 897 1821 931 Flachius
1837 897 1908 931 sine
1923 897 2021 932 dubio
2037 905 2109 932 esse
2124 896 2295 938 legendum

510 959 582 985 esse
602 950 688 993 μέγα
704 951 831 996 Halon.
871 950 990 985 Tamen
1015 950 1175 985 erravisse
1198 950 1365 984 Flachium
1389 950 1427 984 G.
1444 950 1650 984 Hermannus
1673 950 1914 990 demonstravit,
1938 958 2011 983 cum
2034 948 2158 984 diceret
2169 947 2293 991 (orph.

510 1013 541 1045 p.
561 1003 637 1044 155)
662 1003 824 1045 digamma
847 1012 910 1036 non
934 1012 1006 1036 esse
1028 1003 1264 1037 restituendum
1288 1004 1320 1037 in
1344 1003 1529 1046 imperfecto
1553 1003 1642 1037 verbi
1666 1000 1759 1047 ἷαίχω,
1781 1002 1934 1045 quoniam
1956 1013 1966 1034 ι
1988 1001 2181 1044 productum
2197 1003 2295 1041 esset,

510 1054 598 1096 quod
621 1054 691 1089 fieri
713 1065 778 1089 non
801 1054 972 1095 potuisset,
997 1054 1024 1087 si
1047 1054 1202 1088 valuisset
1226 1054 1397 1096 digamma.

669 1106 784 1143 Potius
807 1116 881 1140 cum
904 1105 1045 1140 Rzachio
1068 1105 1250 1139 Hartelium
1281 1106 1460 1149 sequimur,
1490 1106 1546 1149 qui
1577 1107 1746 1149 proposuit
1773 1105 1873 1148 (stud.
1897 1104 1991 1139 Hom.
2014 1104 2072 1139 111.
2096 1104 2153 1147 33)
2180 1103 2293 1146 μέγαλ’

510 1158 618 1204 υἵαχον
641 1159 813 1201 legendum
836 1168 909 1193 esse
931 1159 979 1195 ita
1001 1161 1039 1193 ut
1061 1168 1100 1193 ex
1122 1158 1246 1200 syllaba
1261 1159 1298 1201 fc
1321 1159 1540 1202 diphthongus
1563 1158 1610 1192 υἴ-
1636 1162 1708 1193 orta
1732 1159 1783 1193 sit.
1818 1158 1938 1193 Tamen
1954 1157 1995 1192 de
2009 1156 2083 1192 vivo
2101 1156 2296 1200 digammate

509 1211 596 1253 apud
619 1215 766 1247 nostrum
788 1214 917 1254 poetam
941 1220 1004 1244 non
1028 1213 1079 1244 est
1101 1211 1324 1252 cogitandum:
1359 1211 1479 1254 legitur
1501 1213 1585 1246 enim
1609 1213 1720 1246 eadem
1742 1211 1880 1246 formula
1901 1211 1988 1254 apud
2002 1211 2178 1245 Homerum
2195 1209 2294 1243 A482

509 1265 562 1301 all.
587 1265 644 1298 1.1.
691 1265 774 1299 Item
797 1264 862 1299 iam
885 1264 971 1307 apud
995 1264 1170 1299 Homerum
1194 1263 1367 1307 invenitur,
1391 1265 1478 1307 quod
1502 1267 1608 1299 exstat
1631 1275 1660 1298 v.
1683 1265 1745 1298 451
1768 1263 1852 1308 μέγα
1875 1262 1978 1310 ἰάχων
2001 1275 2043 1291 =
2066 1262 2178 1296 P213.
2205 1281 2244 1286 —

665 1318 694 1349 7.
731 1317 904 1350 Permultis
927 1317 1005 1349 locis
1029 1316 1171 1350 occurrit
1194 1324 1308 1349 nomen
1327 1315 1453 1353 Ἰόλαος.
1491 1318 1637 1359 Longum
1661 1320 1711 1350 est
1727 1326 1837 1350 omnes
1852 1326 2040 1350 enumerare
2055 1319 2162 1357 atque,
2185 1326 2295 1357 quam-

507 1380 604 1414 quam
620 1369 780 1405 Rzachius
804 1369 969 1404 contendit
992 1369 1112 1412 ubique
1128 1372 1253 1404 certum
1269 1369 1475 1411 digammatis
1492 1379 1563 1404 esse
1579 1370 1759 1413 vestigium,
1784 1368 1863 1404 satis
1880 1368 1982 1404 habeo
1997 1367 2294 1404 commemoravisse

508 1432 580 1456 mea
601 1423 731 1464 quidem
755 1422 916 1456 sententia
938 1421 1027 1454 nullo
1050 1423 1120 1454 loco
1144 1425 1267 1455 certum
1290 1422 1429 1455 amissae
1451 1431 1610 1455 consonae
1632 1423 1757 1463 signum
1782 1432 1977 1464 comparere,
2001 1432 2099 1463 quum
2123 1425 2181 1455 aut
2203 1423 2294 1464 diph-

508 1475 648 1518 thongus
671 1477 729 1509 aut
751 1474 875 1517 syllaba
898 1474 930 1507 in
955 1483 1126 1507 consonam
1150 1473 1300 1507 desinens
1324 1474 1502 1508 antecedat
1549 1473 1602 1516 (cf.
1627 1484 1676 1507 vv.
1694 1475 1744 1506 74.
1770 1474 1821 1506 77.
1847 1473 1898 1506 78.
1926 1474 1997 1506 102.
2024 1473 2095 1507 118.
2120 1474 2194 1507 323.
2219 1473 2292 1507 340.

509 1528 599 1568 467.)
645 1528 689 1569 (v.
712 1531 821 1561 autem
844 1526 937 1560 Hart.
963 1528 1048 1560 stud.
1074 1528 1166 1560 Hom.
1185 1527 1242 1559 111.
1267 1527 1341 1559 370.
1366 1527 1484 1560 Rzach.
1491 1530 1631 1567 quaest.
1657 1527 1732 1560 Hes.
1758 1528 1853 1568 6sq.)
1877 1545 1920 1552 —·

667 1580 697 1612 8.
732 1579 915 1612 Praeterire
931 1579 1007 1614 licet
1023 1588 1132 1611 vocem
1144 1577 1242 1621 Ελίκη
1259 1579 1301 1619 (v.
1320 1578 1393 1610 381.
1410 1579 1500 1619 475),
1524 1586 1622 1619 quum
1639 1582 1776 1620 utroque
1800 1579 1870 1611 loco
1892 1578 1950 1622 ἠδέ
1965 1579 2123 1620 particula
2146 1579 2190 1611 sit
2204 1546 2292 1611 01138.

667 1633 697 1664 9.
734 1632 761 1664 Ε
785 1631 895 1665 radice
911 1631 969 1672 fex
991 1631 1179 1664 derivantur
1202 1630 1361 1664 adiectiva
1383 1630 1502 1668 εἴκελος
1525 1634 1558 1664 et
1582 1630 1692 1668 ἴκελος.
1739 1630 1874 1665 Ι)ι101)ι13
1898 1633 2005 1665 autem
2033 1630 2113 1665 10013
2139 1629 2294 1664 formulae

509 1694 548 1719 ex
570 1683 711 1717 Homero
735 1686 831 1718 notae
854 1683 1014 1715 videntur.
1062 1682 1143 1715 Nam
1167 1691 1239 1715 cum
1263 1691 1291 1713 v.
1318 1682 1379 1713 451
1407 1682 1498 1724 φλογι
1521 1681 1642 1719 εἴκελος
1665 1682 1849 1716 conferatur
1872 1683 1963 1725 φλογὶ
1987 1681 2108 1719 εἴκελος
2131 1682 2162 1714 Σ
2174 1683 2235 1715 154
2259 1685 2292 1715 et

510 1746 582 1769 cum
606 1746 634 1768 v.
659 1736 723 1768 392
749 1734 798 1777 τῷ
821 1734 921 1771 ἴκελος
944 1734 1040 1766 ὃ249
1066 1734 1145 1766 ε54.
1194 1734 1306 1774 Neque
1329 1735 1379 1766 est
1402 1743 1459 1766 cur
1482 1734 1672 1767 haereamus
1696 1734 1728 1767 in
1753 1743 1848 1768 versu
1872 1734 1950 1774 390,
1983 1743 2046 1775 quo
2075 1735 2193 1775 legitur
2216 1734 2292 1776 λαμ-

509 1788 661 1819 πετόωντι
684 1786 785 1830 ἐΐκτην
808 1796 882 1820 nam
907 1789 1011 1820 totum
1035 1795 1161 1819 versum
1185 1796 1223 1819 ex
1240 1786 1380 1819 Homero
1397 1785 1547 1819 haustum
1564 1795 1634 1819 esse
1652 1787 1713 1818 iam
1731 1795 1830 1827 supra
1845 1785 2030 1827 significavi.
2067 1786 2104 1819 V.
2122 1786 2185 1819 345
2202 1786 2291 1819 elisio

507 1840 593 1875 facta
616 1842 667 1874 est
690 1838 873 1882 προγένοντ’
899 1838 1003 1871 ἴκελοι.

666 1890 776 1924 Etiam
800 1901 838 1924 ea
861 1901 895 1925 re
919 1890 1056 1923 imitatio
1081 1891 1213 1923 Homeri
1237 1895 1288 1924 est
1311 1891 1487 1932 manifesta,
1512 1891 1597 1932 quod
1621 1894 1696 1923 ante
1717 1891 1819 1932 μέγας
1843 1891 1967 1924 vocales
1990 1891 2147 1932 quaedam
2176 1890 2292 1932 produ-

506 1945 634 1978 cuntur.
669 1941 751 1976 Nam
775 1942 820 1976 sie
843 1944 881 1974 ut
903 1952 953 1975 vv.
977 1942 1052 1973 364.
1071 1942 1133 1973 461
1160 1942 1280 1984 legitur
1303 1943 1340 1974 δέ
1363 1943 1521 1984 particula
1544 1943 1701 1984 producta
1726 1943 1837 1974 8274.
1858 1943 1919 1974 196
1943 1942 2045 1974 Λ459
2070 1941 2100 1972 Σ
2110 1942 2150 1973 27
2177 1941 2289 1975 Φ313.

508 1997 572 2029 328
595 1998 629 2029 et
652 1995 790 2028 formula
813 1995 847 2027 ἐν
871 1995 963 2027 σάκεϊ
981 1992 1116 2038 μεγάλῳ
1141 1995 1184 2036 (v.
1202 1996 1280 2037 455)
1304 1996 1467 2030 invenitur
1491 1997 1516 2028 A
1530 1997 1603 2029 570.
1640 1997 1761 2030 Versus
1777 1997 1852 2037 437,
1875 2005 1939 2037 quo
1962 1995 2208 2038 praepositionis
2229 1996 2291 2029 ἀπό

506 2048 626 2083 vocalis
651 2059 668 2078 o
691 2048 888 2088 producitur,
912 2047 1075 2088 exemplar
1099 2047 1229 2087 quidem
1252 2049 1338 2088 apud
1362 2050 1537 2082 Homerum
1562 2059 1623 2082 non
1648 2052 1761 2081 exstat.
1809 2049 1928 2081 Tamen
1952 2048 2049 2081 etiam
2073 2048 2123 2081 bic
2146 2052 2291 2081 nostrum

506 2103 635 2142 poetam
651 2100 827 2134 Homerum
850 2109 920 2134 esse
944 2100 1103 2134 imitatum
1128 2109 1238 2134 omnes
1262 2100 1321 2134 viri
1345 2100 1431 2134 docti
1448 2101 1561 2135 merito
1579 2104 1703 2143 putant.
1740 2100 1793 2143 (ef.
1810 2099 1933 2134 Hartel.
1950 2099 2035 2133 stud.
2053 2099 2178 2134 Hom.1
2201 2109 2231 2142 p.
2248 2100 2290 2133 35

508 2153 627 2187 Rza-ch.
651 2152 737 2185 stud.
762 2152 853 2184 Hom.
878 2162 908 2192 p.
926 2153 992 2192 21.)

669 2204 737 2237 Iam
752 2213 791 2237 ex
807 2203 964 2244 omuibus,
989 2213 1071 2246 quae
1088 2204 1232 2246 exposui,
1250 2204 1432 2238 luculenter
1447 2206 1591 2247 apparet,
1608 2204 1703 2237 huius
1720 2204 1821 2246 partis
1837 2206 2002 2237 auctorem
2017 2204 2118 2245 quasi·
2126 2203 2291 2238 habitasse

507 2259 541 2291 in
557 2259 709 2291 Homero.
746 2256 840 2289 Unde
863 2256 957 2288 simul
981 2256 1059 2288 illud
1084 2257 1283 2297 intelligitur,
1309 2258 1394 2298 quod
1418 2257 1484 2290 fere
1508 2258 1585 2290 nihil
1608 2257 1771 2291 invenitur
1794 2257 1824 2289 in
1849 2257 1908 2290 hac
1931 2260 2033 2298 parte,
2057 2258 2141 2299 quod
2157 2267 2290 2299 prorsus

507 2308 638 2346 recedat
665 2318 685 2343 a
713 2307 946 2342 consuetudine
974 2306 1154 2341 Homerica.
1206 2307 1343 2350 Legitur
1373 2309 1456 2342 enim
1487 2318 1550 2342 una
1580 2308 1680 2341 dativi
1708 2308 1809 2341 forma
1839 2308 1871 2340 in
1900 2318 1967 2345 -αις
1996 2308 2144 2342 desinens
2171 2318 2200 2341 v.
2225 2309 2288 2341 375

507 2363 665 2408 ἀλλήλαις.
712 2362 750 2395 V.
766 2361 832 2394 448
857 2363 891 2394 et
913 2360 977 2393 458
1002 2360 1119 2402 legitur
1142 2362 1344 2395 accusativus
1363 2360 1541 2404 (Ηρακλέα
1566 2363 1652 2404 apud
1676 2363 1850 2396 Homerum
1875 2371 2000 2404 semper
2022 2362 2053 2395 in
2076 2364 2138 2407 -ἧα
2162 2361 2228 2396 exit
2249 2361 2288 2396 cf.

506 2414 536 2449 Ξ
545 2415 609 2449 324
633 2414 737 2448 [1594
763 2414 864 2447 5547
891 2413 923 2445 M
931 2413 995 2445 379
1019 2415 1052 2446 et
1075 2422 1133 2454 pro
1157 2413 1258 2457 πόληα
1281 2414 1367 2455 quod
1392 2419 1441 2449 est
1464 2425 1492 2447 v.
1520 2415 1580 2447 105
1604 2415 1742 2457 legimus
1765 2415 1850 2457 apud
1874 2415 2049 2449 Homerum
2074 2415 2170 2447 πόλιν.
2204 2415 2289 2449 Mira

508 2472 558 2501 est
581 2468 673 2502 elisio
697 2465 777 2507 πόσ’;
808 2476 891 2508 quae
914 2467 1001 2508 apud
1025 2465 1198 2500 Homerum
1223 2477 1285 2500 non
1306 2468 1342 2501 fit
1365 2469 1398 2501 in
1423 2469 1481 2501 hoc
1506 2468 1674 2507 vocabulo,
1706 2468 1767 2501 nisi
1791 2480 1812 2500 o
1833 2468 1942 2502 littera
1971 2471 2020 2502 est
2050 2467 2221 2510 duplicata.
2247 2486 2282 2492 —
