2313 3094
985 321 1203 352 -27-

207 417 398 458 producitur
427 416 458 448 Ψ
464 416 527 448 865
551 413 632 446 Ω72
655 413 726 446 iure
749 416 920 448 mutaverit
943 419 1040 457 atque
1056 415 1221 448 Bekkerus
1245 416 1315 448 iure
1338 416 1424 448 illam
1441 414 1651 448 mutationem
1668 412 1828 452 receperit
1843 411 1992 444 dubitare

207 470 336 509 quidem
359 469 445 501 licet.

365 520 464 553 Porro
493 519 597 551 tribus
628 518 705 551 locis
734 522 862 552 exstant
891 520 1011 554 formae
1042 520 1237 562 pronominis
1268 520 1441 561 possessivi
1464 528 1492 551 v.
1510 519 1551 551 38
1576 517 1706 561 ἀφίκετο
1736 515 1812 547 ὅνδε
1837 512 1988 555 δόμονδε.

207 574 269 607 Sed
294 574 401 606 hiatus
425 578 476 605 est
499 574 529 605 in
555 572 638 605 thesi
663 573 751 614 pedis
775 573 898 614 quarti,
930 584 994 615 qua
1018 573 1146 615 saepius
1169 577 1244 606 ante
1268 573 1343 604 ὅνδε
1375 573 1461 614 apud
1485 571 1658 605 Homerum
1688 571 1796 603 hiatus
1828 569 1991 610 reperitur

208 627 260 667 (cf.
278 626 394 658 Hoffm.
411 636 463 666 qu.
482 626 564 657 hom.
582 625 606 656 Ι.
631 635 660 665 p.
679 626 720 657 90
743 629 775 657 et
791 635 888 666 supra
912 636 941 667 p.
960 627 1025 667 72).
1061 628 1192 659 Hiatum
1215 626 1271 666 qui
1295 629 1345 657 est
1369 635 1397 656 v.
1414 626 1455 656 45
1480 629 1552 656 ante
1569 622 1620 655 ἑόν
1637 627 1815 664 praetereo,
1839 622 1989 662 quoniam

207 679 344 715 constat,
367 676 448 709 hanc
472 676 667 717 pronominis
691 676 824 709 formam
849 676 1041 717 digammate
1065 687 1126 709 non
1156 677 1253 710 fuisse
1283 677 1485 709 instructum.
1534 676 1676 716 Denique
1705 674 1795 707 elisio
1825 674 1911 706 sacta
1940 677 1988 704 est

206 729 239 762 in
262 739 291 761 v.
316 728 368 768 40,
392 739 456 770 quo
479 729 610 762 obvenit
633 729 703 771 πρίν
727 729 753 770 γ’
777 729 815 773 ἧς
838 727 964 773 ἀλόχου.
992 748 1030 753 —

363 789 392 820 2.
431 789 523 822 Vocis
547 787 640 832 ἔργον
664 791 786 822 certum
811 788 1014 831 digammatis
1038 788 1206 829 vestigium
1232 787 1354 819 nullum
1379 787 1515 828 repperi.
1553 784 1756 826 Quamquam
1780 785 1885 817 tribus
1911 785 1988 817 locis

206 841 364 875 adiectiva
385 841 542 883 quaedam
567 842 613 874 ita
635 841 769 874 formam
794 840 888 884 ἔργον
912 842 1123 879 antecedunt,
1154 844 1189 872 ut
1212 839 1267 872 fiat
1297 838 1454 872 vocalium
1486 848 1675 878 concursus,
1708 843 1813 871 tamen
1846 838 1885 870 de
1916 837 1987 869 vivo

205 895 398 934 digammate
423 904 484 925 non
509 898 557 926 est
585 895 798 934 cogitandum.
847 894 928 925 Nam
956 894 1039 935 μέγα
1068 892 1162 934 ἔργον
1192 893 1234 932 (v.
1258 892 1309 922 22.
1335 891 1390 931 38)
1421 891 1505 930 apud
1536 889 1710 922 Homerum
1742 891 1859 931 legitur
1884 890 1986 921 E303

208 947 308 977 H444
339 946 439 978 Kese
473 947 496 977 Λ
516 947 579 978 734
613 947 719 978 N366
752 945 862 977 [1208
894 946 964 977 τ92
994 946 1107 977 ω426.
1137 945 1201 976 458
1226 949 1258 976 et
1288 939 1423 974 θέσκελα
1455 942 1533 984 ἔργα
1565 953 1593 974 v.
1619 943 1660 974 34
1691 946 1854 983 comparet
1881 941 1909 972 Γ
1926 941 1988 972 130

204 998 220 1030 λ
239 998 313 1031 373.
338 998 411 1032 609.

361 1061 391 1092 3.
427 1059 561 1093 Constat
584 1059 772 1092 vocabulum
797 1059 843 1102 ἶφι
868 1059 941 1091 olim
965 1058 1160 1099 digammate
1183 1058 1374 1091 instructum
1398 1057 1496 1090 fuisse
1521 1057 1572 1098 (cf.
1598 1056 1687 1089 Curt.
1707 1057 1825 1089 Grdz.⁴
1849 1066 1877 1097 p.
1896 1056 1984 1095 392).

204 1112 265 1146 Sed
298 1112 419 1147 nullum
451 1113 545 1146 huius
581 1111 707 1145 litterae
743 1111 912 1153 vestigium
938 1110 1042 1143 inveni
1067 1109 1126 1144 hoc
1155 1111 1223 1145 loco
1253 1103 1281 1143 v.
1309 1111 1344 1142 11
1378 1108 1548 1142 ἀπέκτανεν
1578 1108 1624 1153 ἶφι
1654 1108 1833 1152 δαμάσσας.
1890 1108 1931 1141 Et
1960 1109 1985 1141 si

203 1176 273 1198 cum
291 1167 420 1198 Flachio
445 1178 459 1196 ν
484 1165 719 1205 ephelcysticon
744 1165 895 1202 delemus,
920 1164 1027 1194 hiatus
1050 1165 1129 1195 satis
1153 1173 1286 1196 caesura
1309 1163 1451 1195 bucolica
1475 1166 1625 1194 excusata
1649 1166 1707 1194 est.
1725 1180 1766 1184 ——
1786 1163 1834 1193 Ad
1852 1162 1985 1193 candem

202 1218 341 1250 radicem
352 1217 406 1259 fec
429 1218 567 1258 pertinet
591 1226 704 1248 nomen
729 1215 894 1257 proprium
907 1212 1044 1259 Ἰφικλῆς.
1080 1214 1213 1249 Codices
1237 1215 1406 1257 perhibent
1430 1224 1457 1246 V.
1475 1215 1517 1246 54
1533 1213 1634 1256 αὐτὰρ
1648 1211 1782 1256 Ἰφικλῆα
1799 1210 1984 1254 δορυσσόῳ,

202 1271 345 1302 nonnulli
369 1270 465 1302 etiam
478 1268 612 1312 Ἰφικλῆα
636 1265 799 1310 λαοσσόῳ.
835 1268 1048 1307 Hermannus,
1073 1277 1166 1308 quem
1184 1269 1421 1301 Schoemannus
1445 1272 1477 1299 et
1493 1267 1643 1299 Flachius
1660 1266 1887 1307 sequebantur,
1913 1275 1985 1297 con·

201 1321 277 1353 iecit
301 1322 402 1364 αὐτὰρ
426 1321 537 1365 Ἰφικλῆ
561 1321 711 1363 λαοσσόιρ
736 1321 781 1352 ita
812 1324 848 1351 ut
879 1320 992 1351 ultima
1023 1320 1145 1361 syllaba
1173 1320 1349 1361 particulae
1379 1319 1480 1361 αὐτάρ
1510 1319 1704 1358 digammate
1734 1318 1880 1358 sequenti
1913 1327 1985 1356 pro—

201 1374 381 1408 duceretur.
430 1373 492 1408 Sed
517 1374 677 1415 digamma
701 1383 873 1414 agnoscere
897 1383 958 1406 non
982 1383 1111 1414 possum
1135 1373 1290 1414 imprimis
1315 1372 1401 1415 quod
1426 1376 1535 1406 noster
1566 1382 1678 1405 versus
1708 1371 1749 1405 ad
1774 1369 1982 1405 Homericum

200 1426 377 1467 exemplar,
408 1426 493 1466 quod
519 1435 616 1466 supra
644 1425 757 1463 attuli,
790 1425 1006 1458 conformatus
1038 1430 1087 1458 est
1117 1430 1149 1458 et
1171 1425 1338 1466 productio
1363 1425 1419 1457 illa
1442 1425 1521 1457 satis
1545 1425 1662 1456 iustam
1687 1423 1925 1456 excusationem
1950 1424 1981 1455 in

200 1476 261 1510 fine
293 1477 383 1519 pedis
414 1477 509 1520 primi
539 1477 644 1511 habet.
694 1476 792 1511 Valde
821 1481 927 1511 autem
960 1478 1036 1511 mihi
1060 1479 1236 1520 probatur,
1269 1477 1353 1520 quod
1386 1486 1487 1519 nuper
1518 1476 1685 1518 proposuit
1717 1475 1877 1509 Rzachius
1901 1475 1981 1517 (hes.

200 1530 328 1562 Unters.
354 1541 383 1571 p.
403 1531 458 1571 22)
482 1530 582 1572 αὐτὰρ
603 1529 737 1573 Ἰφικλῆα
761 1530 927 1572 λαοσσόῳ,
958 1535 1128 1571 propterea
1152 1531 1236 1571 quod
1262 1532 1339 1563 haec
1362 1531 1455 1562 lectio
1479 1529 1525 1561 illi
1548 1528 1740 1561 Homericae
1764 1529 1909 1569 proxima
1933 1538 1983 1560 ac-

200 1583 314 1614 cedere
338 1582 474 1614 videtur.
499 1600 537 1605 —

356 1635 414 1667 His
438 1644 540 1676 pauca
565 1635 647 1667 addo
672 1635 711 1667 de
735 1634 893 1667 adiectivo
916 1634 1035 1677 μέγας,
1064 1638 1138 1667 ante
1162 1634 1248 1675 quod
1273 1645 1301 1666 v.
1319 1635 1337 1666 5
1364 1646 1397 1665 τε
1421 1633 1612 1674 producitur
1636 1635 1667 1666 in
1689 1634 1827 1667 formula
1858 1643 1896 1665 ex
1920 1633 1982 1665 Ho-⁴

199 1695 286 1719 mero
310 1690 438 1726 sumpta
462 1685 551 1718 εὔὸεΐ
571 1698 604 1717 τε
625 1685 757 1728 μεγέθει
782 1698 824 1718 τε.
872 1687 994 1719 Notatu
1018 1688 1115 1719 etiam
1139 1686 1236 1728 digna
1261 1696 1331 1719 esse
1355 1686 1480 1719 videtur
1512 1695 1582 1726 gen.
1608 1686 1650 1726 pl.
1675 1686 1705 1718 in
1736 1698 1803 1717 αων
1833 1685 1981 1717 desinens

200 1748 227 1769 v.
246 1739 263 1768 7
289 1739 467 1777 κυανεάων,
500 1739 539 1769 de
563 1747 626 1777 quo
650 1747 765 1778 magna
789 1742 838 1770 est
863 1739 1002 1770 virorum
1028 1739 1194 1771 doctorum
1219 1738 1385 1770 dissensio.
1433 1737 1648 1778 Goettlingius
1673 1737 1756 1769 enim
1782 1739 1896 1768 statuit
1920 1738 1981 1768 Do-

198 1789 351 1823 riensium
375 1799 462 1823 more
486 1799 556 1823 esse
568 1799 634 1831 -pro
658 1788 799 1822 κυανέων
825 1795 860 1823 ut
885 1790 1013 1835 νησάων
1042 1800 1099 1833 pro
1130 1791 1235 1836 νήσων
1260 1789 1338 1824 Call.
1364 1791 1470 1833 hymn.
1495 1790 1526 1823 in
1552 1789 1619 1823 Del.
1639 1790 1679 1822 66
1704 1794 1736 1824 ct
1760 1790 1838 1828 275,
1870 1798 1979 1831 quain-

197 1852 291 1882 quain
316 1843 450 1874 miratus
473 1845 522 1873 est
545 1843 736 1874 adiectivum
760 1844 905 1875 neutrius
929 1845 1055 1883 generis
1080 1846 1125 1875 ita
1147 1843 1262 1875 flexum
1287 1853 1370 1875 esse:
1407 1845 1464 1876 hoc
1488 1843 1572 1874 enim
1596 1852 1758 1883 nunquam
1775 1843 1854 1874 fieri.
1891 1844 1980 1881 Quae

195 1903 292 1936 quum
317 1894 362 1925 ita
386 1894 458 1934 sint,
483 1894 620 1926 aliorum
645 1896 804 1928 sententia
830 1896 904 1928 mihi
929 1895 1120 1937 proferenda
1145 1905 1215 1928 esse
1240 1895 1383 1935 videtur,
1409 1896 1461 1936 qui
1486 1899 1601 1937 putant
1622 1895 1801 1938 βλεφάρων
1826 1895 1885 1927 hoc
1909 1895 1978 1926 loco

197 1957 259 1980 non
284 1957 303 1979 a
327 1948 361 1978 τὸ
383 1947 562 1990 βλέφαρον,
587 1950 642 1981 sed
660 1958 679 1981 a
694 1949 845 1981 feminino
863 1950 880 1992 ἢ
897 1949 1065 1991 βλέφαρος
1089 1959 1158 1981 esse
1183 1949 1402 1982 derivandum.
1439 1949 1491 1990 (cf.
1518 1950 1659 1982 Kiihncr.
1685 1949 1721 1980 A.
1740 1949 1796 1981 Gr.
1817 1950 1839 1980 l.
1858 1949 1931 1980 296.
1958 1949 1976 1978 9

197 2001 229 2030 et
252 1999 368 2030 Rzach.
394 1999 433 2031 de
458 1998 529 2031 dial.
554 1998 630 2031 Hes.
655 2000 674 2031 l.
700 2009 725 2031 c.
750 2009 780 2039 p.
798 2000 886 2041 399.)
911 2019 952 2023 -

787 2122 827 2153 ΙΙ.
863 2122 974 2154 Altera
996 2131 1080 2163 pars.
1107 2123 1148 2163 (v.
1169 2123 1226 2153 141
1240 2141 1271 2145 —
1289 2123 1376 2163 317).

353 2201 514 2240 Quantum
539 2202 706 2234 discrimen
732 2202 772 2234 sit-
795 2202 880 2234 inter
903 2202 984 2235 hanc
1007 2206 1129 2243 partem
1155 2207 1186 2235 et
1210 2213 1294 2242 eam,
1324 2213 1419 2244 quam
1443 2203 1536 2236 modo
1561 2204 1786 2242 tractavimus,
1817 2204 1878 2236 iam
1904 2205 1976 2236 inde

195 2257 340 2294 apparet,
366 2254 450 2295 quod
475 2263 512 2286 ex
536 2254 680 2286 versibus
707 2254 766 2285 176
791 2255 930 2295 quinque
955 2255 1168 2292 inveniuntur,
1192 2255 1246 2295 qui
1272 2255 1387 2296 integri
1412 2265 1449 2287 ex
1473 2255 1612 2288 Homero
1637 2256 1743 2288 hausti
1769 2261 1853 2288 sunt.
1890 2257 1975 2295 Quos

149 2322 159 2328 κ
195 2306 343 2347 deinceps
366 2306 480 2339 affero:

355 2359 430 2399 156)
455 2358 487 2389 ἐν
513 2359 540 2390 δ’
556 2357 650 2400 Ἔρις,
675 2359 707 2389 ἐν
732 2360 767 2390 δὲ
793 2360 948 2401 Κυδοιμὸς
972 2361 1104 2392 ἐθύνεον
1129 2361 1161 2391 ἐν
1186 2360 1213 2390 δ’
1239 2361 1313 2404 ὀλοὴ
1339 2361 1407 2403 Κῆρ
1425 2374 1465 2387 =
1484 2361 1512 2391 Σ
1524 2362 1586 2393 535
1612 2363 1686 2402 (nisi
1712 2363 1796 2402 quod
1822 2373 1879 2403 pro
1904 2363 1976 2394 ἐου-

196 2421 266 2441 νεον
290 2413 339 2442 est
363 2410 511 2453 ὁμίλεον).
537 2430 577 2434 -
604 2412 679 2453 157)
704 2411 796 2443 ἄλλον
822 2412 903 2449 ζωὸν
929 2411 1045 2457 ἔχουσα
1071 2412 1238 2444 νεούτατον
1264 2412 1357 2444 ἄλλον
1383 2413 1497 2445 ἄουτον
1515 2426 1556 2440 ·--
1574 2413 1603 2445 Σ
1615 2414 1688 2447 536.
1717 2433 1752 2437 —
1782 2415 1856 2451 158)
1882 2416 1975 2447 ἄλλον

197 2461 361 2505 τεθνηῶτα
386 2463 463 2493 κατὰ
484 2462 587 2503 μόθον
612 2462 681 2494 ἕλκε
707 2464 826 2495 ποδοῖιν
843 2477 884 2491 =
911 2463 931 2482 V
943 2465 1015 2496 537.
1034 2484 1074 2489 —
1102 2466 1176 2506 159)
1201 2465 1272 2506 εἷμα
1296 2465 1324 2496 δ’
1350 2465 1392 2509 ἔχ’
1417 2466 1495 2508 ἀμφ’
1521 2465 1650 2507 ὤμοισιν
1675 2467 1846 2509 δαφοινεὸν
1872 2469 1976 2510 αἵματι

195 2516 313 2558 φωτῶν
337 2527 377 2541 =
403 2514 431 2546 Σ
442 2515 516 2547 538.

1767 2574 1800 2600 4*
