2398 3107
1204 311 1416 344 „30-

415 404 535 440 ἐοικώς.
589 405 631 436 Et
665 404 750 445 quod
786 414 813 435 v.
838 404 902 435 314
933 404 1061 437 videtur
1098 405 1249 449 πλήθοντι
1286 406 1398 442 ἐοικώς
1434 407 1498 438 iam
1530 408 1615 448 apud
1648 408 1823 440 Homerum
1853 407 2014 439 invenitur
2046 407 2072 438 Ε
2088 408 2140 439 87.
2165 426 2204 431 -

415 455 553 488 Omnino
577 459 685 488 autem
708 455 768 492 hoc
792 455 995 496 participium
1019 456 1086 489 fere
1109 466 1236 498 semper
1260 458 1414 498 dativum,
1439 459 1488 491 bis
1512 462 1637 491 tantum
1663 459 1850 492 adverbium
1868 460 2062 493 antecedere*
2077 459 2206 491 demon-

415 508 532 541 stravit
556 518 584 540 v.
609 508 640 540 d.
666 507 843 539 Windisch.
869 507 908 540 de
933 508 1038 549 hymn.
1065 509 1158 541 Hom.
1184 518 1214 548 p.
1232 509 1284 541 25.
2094 508 2099 513 ¹

572 560 683 600 Neque
707 558 738 591 in
763 558 946 598 adiectivis,
978 569 1062 600 quae
1086 571 1103 593 e
1127 560 1236 594 radice
1253 562 1310 603 fut
1333 562 1539 600 derivantur,
1569 566 1618 595 est
1641 573 1698 596 cur
1721 564 1922 597 haereamus.
1968 574 1998 597 v.
2015 564 2078 596 209
2102 562 2206 600 κλυζο-

411 611 500 654 μένῳ
525 611 624 649 ἴκελος
647 611 775 653 legitur.
824 612 924 645 Cuius
949 612 1105 646 formulae
1130 614 1292 655 exemplar
1316 623 1509 655 quamquam
1534 614 1620 655 apud
1646 615 1820 648 Homerum
1849 625 1912 649 non
1943 617 2066 657 inveni,
2098 619 2204 649 tamen

414 664 542 696 dativus
573 663 606 695 in
632 682 671 686 -—
697 676 725 705 ῳ
750 664 946 696 adiectivum
979 663 1080 702 ἴκελος
1107 667 1302 699 antecedens
1333 676 1395 699 non
1427 675 1590 706 nunquam
1620 668 1774 700 occurrit:
1809 666 1914 700 9788
1938 669 2039 700 <5249
2058 669 2139 701 354.
2163 686 2204 691 -—

413 715 538 748 Deinde
563 715 699 756 legimus
729 725 757 747 v.
784 715 846 747 198
872 719 911 759 τῇ
936 716 1037 760 ἰκέλη,
1069 717 1160 750 cuius
1185 717 1342 751 formulae
1372 718 1536 751 simillima
1566 722 1615 750 est
1639 717 1718 750 [111
1747 718 1790 762 τῇ
1820 718 1931 756 ἴκελος.
1978 720 2123 761 Denique
2151 720 2201 752 ad-

412 767 563 800 iectivum
588 767 759 804 ἐπιείκελος
782 777 810 798 v.
830 768 893 799 182
917 768 981 800 iam
1006 778 1044 801 ex
1062 769 1201 802 Homero
1226 773 1336 802 notum
1362 775 1420 803 est.
1458 770 1591 803 Accedit
1613 771 1699 811 quod
1723 771 1782 803 hoc
1806 771 1876 804 loco
1892 772 1924 803 in
1941 771 2052 804 eadem
2069 771 2206 804 formula

412 823 509 860 atque
533 820 619 861 apud
638 820 812 853 Homerum
831 821 991 862 reperitur
1008 820 1181 859 ἐπιείκελος
1198 822 1241 864 (ν)
1260 822 1464 855 ἀθανάτοισιν
1485 824 1512 854 «Α
1525 823 1588 855 265
1614 824 1635 854 Δ
1649 822 1713 855 394
1738 835 1755 854 ο
1769 824 1833 855 414
1857 835 1880 866 φ
1894 823 1946 856 37.
1957 824 1996 865 ³⁰)
2014 842 2056 847 —
2080 822 2204 856 Ceteris

412 874 520 905 autem
543 872 622 905 locis
643 876 767 905 certum
791 874 995 914 digammatis
1020 874 1191 915 vestigium
1224 877 1355 916 agnosci
1385 885 1448 907 non
1479 879 1585 915 potest
1610 885 1638 906 V.
1663 875 1723 906 211
1751 875 1934 919 νηχομένοις
1970 876 2062 907 ’κελοι
2087 885 2113 908 ν.
2140 876 2204 907 244

414 924 534 967 ζωῇσιν
559 925 659 957 ἴκελαι
682 935 710 957 v.
728 925 792 957 206
812 926 1027 967 μελπομέναις
1051 925 1173 958 simiae.
1211 927 1264 968 (de
1289 927 1348 960 hac
1371 927 1474 960 forma
1497 926 1714 966 conferantur,
1738 936 1821 967 quae
1837 927 2010 969 explicavit
2026 927 2203 960 Windisch.

413 978 434 1009 l.
458 977 479 1009 1.
503 988 534 1019 p.
552 978 619 1019 53.)

573 1032 603 1063 5.
640 1031 751 1071 Neque
775 1034 898 1063 certum
923 1034 972 1064 est
996 1032 1157 1072 digamma
1180 1032 1266 1063 vocis
1283 1032 1374 1073 Ῐελικ
1395 1042 1423 1063 ν.
1449 1032 1511 1064 295
1537 1032 1700 1076 ἀργυρέῃς
1723 1032 1885 1065 ἑλίκεσσιν.

573 1083 603 1115 6.
639 1082 731 1116 Idem
755 1083 841 1116 valet
865 1084 904 1116 de
929 1084 1083 1117 vocabulo
1109 1082 1178 1127 οἴνη
1203 1093 1231 1116 v.
1256 1083 1319 1116 292
1344 1084 1371 1115 οἳ
1396 1083 1423 1115 δ’
1449 1084 1591 1127 ἐτρύγων
1615 1083 1712 1122 οἴνας.

575 1137 604 1167 7.
641 1137 754 1177 Neque
777 1138 809 1169 in
833 1138 941 1169 radice
958 1138 1062 1178 ,Ι-ἐκάς
1086 1138 1288 1177 digammatis
1312 1137 1483 1178 vestigium
1508 1138 1647 1178 repperi.
1682 1138 1763 1169 Nam
1789 1137 1879 1170 elisio
1903 1138 1989 1170 facta
2013 1141 2061 1171 est
2085 1149 2113 1170 v.
2138 1139 2201 1170 207

414 1186 487 1219 οὔθ’
511 1189 585 1226 ἑκὰς
608 1188 715 1221 αὐτοῦ.

572 1241 601 1272 8.
637 1242 806 1274 Postremo
824 1243 964 1282 occurrit
989 1252 1047 1274 vox
1072 1242 1199 1279 ἵκαστος
1223 1253 1250 1274 v.
1269 1243 1332 1274 283
1358 1242 1407 1273 ὑπ’
1432 1242 1585 1285 αὐλητῆρι
1602 1241 1629 1273 δ’
1655 1242 1786 1279 ἕκαστος
1811 1243 1913 1284 (299).
1961 1243 2113 1275 Nonnulli
2137 1244 2203 1276 edi·

412 1295 499 1325 tores
524 1292 553 1323 δ’
577 1292 766 1325 deleverunt
790 1294 835 1325 ita
859 1298 895 1326 ut
919 1293 1027 1326 hiatus
1053 1295 1094 1326 sit
1118 1299 1194 1327 ante
1218 1295 1353 1332 ἵκαστος.
1401 1294 1464 1327 Sed
1488 1294 1567 1327 satis
1592 1294 1743 1328 firmitate
1768 1295 1884 1328 vocalis
1909 1308 1917 1326 ι
1941 1299 2123 1329 excusatur.
2147 1295 2200 1338 (cf.

411 1349 580 1386 praeterea
603 1355 633 1387 p.
651 1346 717 1387 21).

569 1397 715 1438 Denique
748 1399 892 1431 videmus
924 1399 961 1430 δέ
992 1400 1184 1440 productum
1217 1410 1246 1431 v.
1271 1400 1334 1431 236
1359 1399 1408 1431 ἐπὶ
1438 1400 1474 1430 δὲ
1503 1400 1634 1431 δεινοῖσι
1666 1400 1830 1443 καρήνοις,
1861 1401 1952 1433 cuius
1982 1401 2202 1442 productionis

413 1458 543 1482 causam
574 1454 661 1483 certe
691 1451 902 1491 probabiliter
932 1452 1102 1493 explicavit
1134 1451 1266 1492 Curtius
1298 1451 1430 1493 (Grdz.4
1453 1460 1483 1491 p.
1507 1451 1599 1491 645),
1632 1461 1704 1484 cum
1736 1451 1890 1493 diceretj
1916 1451 2057 1485 litteram
2086 1456 2160 1494 post
2182 1453 2203 1483 ὃ

410 1501 577 1534 excidisse.
625 1502 695 1534 Non
726 1505 833 1535 tamen
863 1503 918 1535 illa
950 1504 1117 1545 productio
1149 1508 1258 1536 nostro
1290 1504 1422 1536 carmini
1453 1502 1584 1544 propria
1615 1506 1673 1535 est.
1721 1503 1922 1544 Quamquam
1953 1504 2035 1536 enim
2067 1505 2200 1537 eandem

409 1554 580 1586 formulam
604 1554 691 1595 apud
708 1553 883 1587 Homerum
909 1566 971 1588 non
996 1557 1190 1596 invenimus,
1216 1561 1323 1588 tamen
1350 1567 1381 1587 τε
1406 1555 1598 1596 particulam
1621 1555 1783 1587 nonnullis
1806 1554 1884 1588 locis
1909 1560 1983 1588 ante
2007 1556 2200 1597 adjectivum

410 1605 514 1642 δεινός
538 1606 670 1646 produci
689 1607 832 1639 videmus
857 1608 895 1648 (Λ
912 1608 952 1639 10
975 1608 1083 1649 γ322)
1109 1611 1141 1640 et
1165 1608 1201 1639 δέ
1225 1618 1262 1640 ac
1287 1620 1319 1639 τε
1344 1609 1428 1640 inter
1451 1617 1486 1639 se
1511 1617 1580 1639 esse
1605 1607 1781 1639 simillimas
1806 1617 1898 1639 nemo
1923 1618 1984 1640 non
2011 1609 2107 1641 videt.

570 1659 683 1691 Restat
708 1662 743 1691 ut
767 1660 894 1700 singula
919 1660 1076 1701 quaedam
1101 1660 1272 1701 proferam,
1297 1669 1381 1700 quae
1405 1661 1482 1693 mihi
1507 1660 1808 1693 commemoratione
1833 1661 1929 1700 digna
1954 1662 2112 1694 videntur.

570 1711 598 1741 1.
629 1710 796 1751 Leguntur
820 1712 957 1751 primum
982 1717 1121 1754 quatuor
1146 1712 1246 1744 dativi
1270 1712 1391 1746 formae
1415 1714 1446 1746 in
1471 1724 1519 1750 αις
1543 1713 1752 1745 terminantes
1777 1723 1804 1745 v,
1823 1713 1886 1745 213
1910 1713 2026 1751 ἀκταῖς,
2050 1713 2113 1745 206
2127 1714 2199 1755 μελ-

410 1762 560 1804 πομέναις
585 1773 612 1794 ν.
631 1764 695 1795 219
720 1764 879 1805 παλάμαις
903 1775 930 1796 ν.
949 1765 1012 1796 272
1038 1764 1188 1806 ἀγλαΐαις.
1238 1766 1285 1799 Ex
1309 1766 1371 1798 illis
1397 1765 1553 1799 eiusmodi
1577 1765 1697 1803 formis,
1721 1776 1803 1807 quae
1827 1765 1890 1798 iam
1914 1766 2000 1806 apud
2025 1766 2199 1799 Homerum

409 1816 625 1854 inveniantur,
650 1816 752 1848 altera
776 1820 825 1848 est
850 1817 957 1853 ἀκταῖς
981 1817 1083 1849 altera
1108 1817 1207 1854 θεαῖς.
1251 1819 1364 1860 Itaque
1389 1829 1450 1851 non
1476 1829 1513 1851 ex
1538 1817 1672 1858 singulis
1696 1818 1745 1850 his
1769 1817 1880 1850 formis
1904 1818 2116 1859 colligendum
2140 1822 2200 1858 est,

408 1867 489 1900 hanc
513 1871 638 1909 partem
662 1869 840 1902 recentiore
864 1873 972 1902 aetate
996 1874 1099 1902 ortam
1125 1880 1210 1910 esse,
1241 1871 1296 1903 sed
1321 1872 1406 1912 quod
1430 1881 1487 1913 pro
1512 1871 1633 1904 minore
1657 1871 1752 1904 huius
1777 1871 1927 1904 carminis
1951 1870 2074 1904 ambitu
2099 1871 2199 1905 maior

409 1929 520 1952 earum
545 1924 651 1952 exstat
675 1931 838 1953 numerus.
885 1923 967 1955 Nam
993 1924 1032 1955 ad
1058 1923 1142 1954 idem
1176 1933 1277 1962 genus
1308 1925 1470 1964 pertinent
1503 1934 1530 1954 v.
1556 1923 1620 1955 230
1645 1923 1818 1965 Γοργόνες,
1848 1923 1934 1964 quod
1965 1933 2080 1956 nomen
2112 1925 2198 1964 apud

409 1971 587 2005 Homerum
617 1971 780 2005 delinatur
812 1972 926 2016 Γοργώ
953 1973 1111 2017 Γοργοῦς,
1142 1979 1174 2008 et
1204 1975 1300 2016 λαγός
1324 1985 1352 2008 ν.
1377 1975 1441 2007 302
1466 1975 1568 2009 forma
1592 1975 1701 2009 dorica
1731 1975 1763 2009 in
1795 1978 1905 2009 nostro
1936 1976 2025 2017 epico
2057 1976 2198 2009 carmine

408 2025 460 2056 vix
483 2024 627 2057 ferenda.

568 2078 599 2108 2.
636 2077 674 2109 V.
693 2079 756 2110 245
780 2080 846 2111 fere
870 2081 911 2112 ab
935 2079 1085 2112 omnibus
1110 2080 1275 2123 πρεσβῆες
1291 2081 1420 2121 legitur.
1455 2079 1519 2112 Sed
1536 2090 1634 2121 quum
1651 2081 1711 2112 hoc
1727 2081 1796 2112 loco
1812 2083 1938 2112 tantum
1955 2081 2042 2112 notio
2062 2090 2196 2113 »senex«

407 2130 562 2170 quadret,
594 2133 680 2163 recte
705 2131 864 2164 iudicasse
888 2132 964 2164 mihi
990 2132 1119 2164 videtur
1143 2132 1318 2165 Kiihnerus
1342 2133 1413 2173 (Gr.
1438 2132 1493 2164 Gr.
1513 2132 1538 2163 I.
1565 2142 1594 2173 p.
1612 2132 1706 2174 347),
1731 2133 1785 2174 qui
1811 2131 1975 2176 πρέσβηες
1998 2131 2096 2166 scribi
2120 2133 2198 2173 vult,

406 2184 439 2212 et
462 2182 578 2213 merito
602 2191 675 2213 eum
701 2192 803 2222 nuper
826 2187 954 2215 secutus
979 2188 1028 2215 est
1053 2184 1212 2215 Rzachius
1237 2185 1276 2216 de
1301 2184 1374 2215 dial.
1401 2185 1476 2216 Hes.
1501 2184 1521 2215 l.
1547 2184 1565 2215 l.
1591 2194 1620 2223 p.
1638 2184 1711 2215 357.
1761 2185 1880 2217 Eodem
1902 2185 2004 2226 igitur
2027 2185 2121 2216 modo
2146 2186 2199 2217 illa

405 2233 508 2267 forma
532 2234 608 2267 ficta
632 2238 681 2268 est
705 2239 802 2277 atque
827 2236 1016 2269 Homericae
1040 2236 1156 2280 πόληες
1170 2235 1286 2280 Ἄρηος
1310 2236 1401 2268 aliae.

566 2287 596 2318 3.
634 2288 755 2319 Aoristi
771 2288 800 2319 11
824 2289 919 2327 epici,
945 2289 1060 2328 quibus
1085 2298 1142 2329 pro
1166 2289 1302 2329 simplici
1326 2293 1498 2329 augmento
1524 2289 1738 2330 reduplicatio
1761 2290 1905 2329 accedat,
1930 2290 1992 2322 duo
2016 2295 2198 2328 occurrunt,

405 2339 461 2380 qui
485 2339 571 2379 apud
595 2338 773 2372 Homerum
799 2348 862 2372 non
887 2340 1049 2372 videntur:
1083 2340 1253 2382 μέμαρπον
1283 2351 1311 2373 v.
1334 2342 1397 2373 245
1430 2345 1462 2373 et
1491 2341 1638 2383 μέμαπον
1670 2351 1698 2373 v.
1724 2342 1805 2379 252,
1837 2350 1973 2382 quorum
2002 2342 2069 2382 ille,
2099 2353 2197 2384 quum

563 2462 600 2495 ³0)
629 2462 712 2496 Apud
737 2462 888 2488 Homerum
913 2462 984 2488 haec
1007 2470 1116 2496 quoque
1142 2463 1259 2489 formula
1284 2463 1422 2489 invenitur
1446 2464 1525 2492 θεοῖς
1551 2463 1678 2489 ἐπιείκελ’
1705 2462 1823 2499 Ἀχιλλεῦ
1843 2463 1857 2490 I
1865 2466 1925 2492 485.
1943 2467 1996 2492 494
2014 2464 2041 2491 Χ
2054 2466 2105 2493 279
2128 2465 2155 2491 Ψ
2164 2467 2199 2493 80

406 2503 429 2532 Ω
441 2507 494 2534 486
519 2516 541 2532 ω
554 2507 596 2534 36.

2180 3106 2189 3107 Π
2199 3100 2398 3107 „uA-Q*—
