2313 3094
990 292 1204 324 -35-

207 395 281 420 rare
305 395 368 420 non
391 389 442 422 est
464 396 545 429 opus
565 396 614 420 vv.
638 386 703 420 390
725 390 758 420 et
780 387 843 420 423
869 396 906 421 ex
930 386 1031 421 Iliade
1054 387 1086 420 in
1111 391 1253 423 nostrum
1279 399 1404 423 carmen
1435 399 1505 424 esse
1534 390 1649 423 illatos.
1696 390 1810 432 Neque
1839 391 1869 424 ei
1899 391 1986 433 quod

207 441 257 472 est
278 448 308 471 v.
333 439 374 472 68
398 438 482 472 ἀλλά
505 440 533 470 οἱ
557 439 722 484 εὐχωλέων
747 441 793 483 (in
816 440 909 473 initio
933 441 1060 482 versus)
1084 442 1226 483 exempla
1242 441 1411 476 Homerica
1433 443 1560 476 desunt.
1594 443 1675 476 Nam
1700 443 1762 476 etsi
1786 444 1889 485 ipsam
1912 452 1986 485 par·

206 491 337 526 ticulum
360 489 444 524 ἀλλά
465 501 528 525 uno
551 494 676 526 tantum
698 491 769 527 loco
792 492 970 526 invenimus
993 495 1069 526 ante
1092 493 1120 524 οἱ
1143 494 1187 535 (Ζ
1200 495 1238 526 16
1262 492 1343 527 ἀλλά
1368 495 1412 536 οἱς
1436 495 1553 537 legitur
1577 498 1653 528 ante
1680 495 1696 527 ἑ
1725 495 1851 539 Ε613),
1875 499 1984 529 tamen

206 542 272 586 ἄρα
298 544 327 575 οἱ
356 542 503 577 videmus
526 543 550 575 Δ
564 544 635 577 198.
661 544 725 577 254
749 543 780 576 M
789 544 850 577 351
877 547 937 578 etc.
958 543 1007 587 ῥά
1030 545 1059 576 οἱ
1082 544 1191 578 Ξ172.
1227 566 1263 571 —-
1298 547 1344 580 De
1376 547 1513 580 formula
1543 546 1606 590 γάρ
1630 549 1678 587 οἱ,
1709 558 1793 590 quae
1821 549 1985 589 reperitur

207 604 236 626 v.
261 595 304 627 69
327 593 422 632 αὐτὸς
445 595 508 639 γάρ
532 596 561 627 οἱ
584 595 713 639 ἐπῶρσε
736 606 765 628 v.
789 601 862 638 pag.
880 596 930 628 73.
964 614 1006 620 -
1034 596 1158 631 Deinde
1186 602 1349 640 comparet
1377 608 1405 630 v.
1432 599 1493 631 125
1517 600 1553 630 ι’)’ν
1577 600 1605 630 οἱ
1628 598 1758 631 ἔδωκεν.
1806 598 1871 633 Sed
1894 598 1984 633 Hoff-

205 655 341 680 mannus
363 656 421 681 nos
445 647 547 688 docet,
570 648 798 689 productiones
821 657 956 682 caesura
978 649 1241 690 seminovenaria,
1265 660 1347 692 quae
1369 651 1412 683 sit
1435 650 1719 692 semiseptenariae
1742 651 1811 684 loco
1836 651 1914 684 satis
1931 661 1984 684 ex-

207 699 380 734 cusationis
402 699 531 734 habere.
566 700 705 743 (quaest.
728 700 813 736 hom.
830 700 855 733 I.
881 701 947 743 74.)
982 701 1155 736 Praeterea
1177 702 1357 737 simillimus
1381 703 1468 738 locus
1491 704 1599 738 afferri
1623 707 1730 745 potest
1744 704 1807 751 τόν
1830 705 1858 737 οἱ
1881 703 1984 737 ἔδωκε

208 751 312 786 «5125.
330 770 371 777 --
394 753 444 786 Ex
467 762 562 787 versu
588 753 650 786 116
670 753 757 796 μάλα
781 753 843 796 γάρ
868 753 903 786 νύ
928 753 957 785 οἱ
979 753 1103 798 ἄρμενα
1126 754 1210 787 εἶπεν
1233 755 1273 790 de
1296 756 1489 798 digammate
1512 756 1593 790 nihil
1616 758 1686 790 erui
1709 760 1825 798 potest.
1862 757 1900 789 V.
1919 757 1983 790 359

207 803 270 849 ἤδη
289 806 350 847 μέν
372 806 406 839 τέ
429 806 448 838 ἕ
468 818 548 851 φημι
571 807 699 848 legitur.
746 806 809 840 Sed
833 806 942 840 multis
965 807 1044 841 locis
1066 807 1245 840 Homericis
1275 808 1385 840 eadem
1416 808 1554 841 formula
1584 809 1726 842 occurrit
1756 809 1857 841 A510
1884 809 1982 841 0682

208 857 239 889 X
248 857 320 891 143.
347 858 408 890 172
432 861 492 893 etc.
516 877 559 883 —
582 858 776 902 Saepissime
799 862 906 893 autem
930 858 967 891 δέ
989 862 1065 894 ante
1087 860 1104 892 ἑ
1126 859 1272 893 videmus
1295 859 1324 892 B
1338 860 1398 892 197
1423 860 1446 891 Δ
1459 861 1519 893 541
1547 860 1658 893 Ε103.
1675 860 1736 893 391
1764 860 1794 893 Ζ
1803 861 1846 893 34
1871 860 1981 893 9301.

207 909 272 943 310
286 913 358 953 etc„
381 915 478 954 atque
500 912 585 946 inter
610 911 643 945 τέ
666 915 699 946 et
721 911 759 944 δέ
780 911 957 954 particulas
980 922 1104 947 summa
1119 916 1169 947 est
1191 913 1374 946 similitudo.
1391 932 1433 937 -
1456 914 1528 947 Uno
1550 914 1620 948 loco
1644 917 1749 948 exstat
1773 914 1876 948 forma
1891 925 1981 957 pron.

207 972 294 1004 poss.
310 974 340 997 v.
357 965 398 998 59
422 965 516 997 αὐτὸν
540 966 589 997 καὶ
611 965 734 1008 πατέρα
748 965 794 997 ὅν.
829 965 894 998 Sed
915 969 1138 1007 praeterquam
1162 965 1246 1007 quod
1269 965 1377 998 hiatus
1400 967 1479 999 satis
1503 967 1717 1000 excusationis
1733 967 1832 1000 habet
1848 976 1982 1000 caesura

208 1016 444 1060 semiquinaria,
467 1017 651 1052 conferatur
673 1017 833 1051 simillima
855 1016 992 1052 formula
1015 1017 1177 1062 θυγατέρα
1199 1019 1237 1063 ἢν
1260 1019 1358 1051 Ε371
1385 1018 1416 1051 Ζ
1426 1019 1486 1052 192
1509 1019 1535 1052 Λ
1549 1019 1612 1052 226
1638 1020 1667 1051 Ν
1675 1019 1749 1053 376.

365 1070 396 1102 2.
430 1069 543 1112 Neque
564 1070 672 1104 hiatus
695 1069 743 1104 illi
765 1072 841 1103 ante
864 1071 1045 1112 genetivum
1068 1070 1209 1110 ἄνακτος,
1233 1071 1287 1112 qui
1301 1071 1453 1112 leguntur
1467 1082 1496 1104 v.
1516 1072 1579 1104 100
1594 1072 1829 1116 ἑκατηβελέταο
1847 1073 1982 1110 ἄνακτος

207 1123 240 1154 et
261 1121 323 1153 371
345 1120 516 1154 Ἐνυαλίοιο
539 1122 673 1160 ἄνακτος
696 1122 794 1156 ullam
817 1121 1020 1156 offensionem
1044 1123 1135 1157 nobis
1157 1123 1321 1165 praebent.
1357 1123 1438 1156 Nam
1454 1123 1561 1165 priore
1576 1124 1646 1157 1000
1662 1125 1831 1157 notissima
1846 1124 1983 1158 formula

208 1174 380 1209 Homerica
402 1179 453 1209 est
475 1177 632 1217 usurpata
654 1178 687 1209 et
709 1175 843 1209 alterius
867 1175 926 1210 loci
949 1175 1124 1209 simillimas
1146 1176 1363 1217 copulationes
1386 1176 1472 1217 apud
1488 1176 1662 1210 Homerum
1678 1177 1816 1210 inveniri
1835 1178 1885 1210 vix
1901 1187 1982 1219 opus

207 1229 257 1260 est
279 1236 535 1261 commemorare.
560 1245 603 1251 --
626 1227 751 1261 Deinde
773 1228 892 1269 legitur
914 1237 943 1259 v.
966 1227 1030 1259 328
1050 1226 1248 1271 μακάρεσσιν
1272 1226 1444 1268 ἀνάσσων,
1476 1230 1531 1270 qui
1553 1239 1666 1262 versus
1690 1231 1895 1263 excusatione
1918 1240 1979 1263 non

208 1281 291 1321 eget.
336 1279 481 1321 Denique
504 1289 532 1312 v.
552 1280 616 1313 354
639 1279 673 1317 ἐς
695 1279 801 1323 Κὴὓκα
824 1279 942 1311 ἄνακτα
965 1280 1101 1319 videtur,
1125 1281 1210 1320 quod
1234 1283 1300 1313 tam
1323 1279 1416 1313 facile
1439 1281 1581 1321 expediri
1611 1291 1673 1315 non
1704 1285 1826 1323 potest3
1861 1283 1918 1315 sed
1941 1283 1983 1314 si-

206 1330 292 1364 milis
311 1331 442 1366 Homeri
464 1331 554 1366 locus
578 1332 610 1366 in
633 1335 785 1374 promptu
809 1335 859 1366 est
882 1332 972 1365 1480
995 1332 1028 1369 ἐς
1051 1332 1162 1376 Πηλῆα
1186 1332 1308 1376 ἄναχθ’.

364 1386 394 1418 3.
427 1385 573 1423 Formae,
596 1394 678 1427 quae
701 1387 846 1427 spectant
867 1386 907 1418 ad
930 1385 1068 1419 radicem
1078 1384 1146 1426 ferr
1167 1394 1223 1418 sex
1245 1385 1405 1426 leguntur,
1430 1394 1566 1426 quarum
1591 1385 1672 1419 duas
1688 1390 1855 1427 praetereo
1871 1396 1900 1419 v.
1921 1387 1981 1418 122

207 1438 252 1476 ὥς
276 1439 372 1470 εἰπών
395 1441 428 1471 et
450 1448 479 1470 v.
497 1437 561 1470 338
586 1437 634 1475 ὣς
657 1438 799 1469 εἰποῦσα.
816 1457 856 1461 -
883 1437 950 1470 Iam
975 1438 1041 1470 exit
1063 1446 1176 1470 versus
1195 1438 1256 1469 116
1273 1438 1305 1470 in
1321 1437 1446 1480 ἄρμενα
1463 1437 1559 1478 εἶπεν,
1582 1439 1639 1471 sed
1655 1439 1790 1472 similem
1807 1439 1983 1472 clausulam

208 1491 386 1525 invenimus
410 1490 502 1523 ε300
526 1491 684 1534 νημερτέα
709 1490 803 1528 εἶπεν,
828 1503 842 1522 ν
856 1491 919 1522 254
943 1488 1067 1533 α’ληθέα
1091 1489 1186 1521 εἶπεν.
1222 1490 1329 1524 Facile
1352 1493 1460 1523 autem
1484 1499 1597 1523 versus
1623 1491 1682 1522 117
1701 1494 1733 1524 et
1750 1491 1814 1523 330
1832 1491 1984 1533 explicari

207 1546 350 1586 possunt,
374 1553 472 1585 quum
495 1543 547 1577 ille
570 1543 696 1585 integer
718 1553 757 1577 ex
773 1542 911 1576 Homero
935 1545 1093 1584 receptus,
1117 1541 1169 1574 hic
1192 1540 1233 1574 ad
1257 1542 1417 1583 exemplar
1433 1541 1600 1575 cuiusdam
1617 1542 1779 1575 Homerici
1794 1542 1864 1583 loci,
1889 1552 1983 1584 quem

207 1605 306 1638 supra
328 1596 581 1635 commemoravi,
605 1595 821 1629 conformatus
845 1598 903 1628 est.
952 1595 1095 1637 Denique
1120 1594 1211 1628 elisio
1240 1594 1326 1627 facta
1357 1598 1407 1627 est
1431 1604 1457 1626 v.
1481 1595 1544 1626 326
1577 1595 1627 1625 καί
1656 1605 1760 1637 σφεας
1790 1594 1984 1637 θαρσύνουσ’

209 1647 287 1680 ἔπεα
311 1651 344 1682 et
366 1649 430 1681 445
454 1647 542 1680 δεινὰ
565 1647 592 1679 δ’
617 1647 741 1690 ὑπόδρα
765 1646 863 1679 ι’ὃοῦσ’
887 1646 973 1679 ἔπεα.

364 1701 395 1731 4.
429 1700 535 1733 Paene
550 1700 651 1741 magis
668 1700 774 1739 etiam,
797 1709 892 1741 quam
908 1700 941 1732 in
958 1700 1030 1732 aliis
1046 1699 1219 1736 vocabulis,
1242 1701 1273 1732 in
1290 1701 1344 1739 eis,
1370 1709 1452 1740 quae
1467 1709 1487 1732 a
1503 1700 1609 1733 radice
1619 1700 1677 1741 ,1³13
1700 1701 1894 1739 derivantur,
1920 1699 1982 1731 Ho-

207 1752 287 1786 meri
309 1753 445 1786 imitatio
468 1751 638 1786 manifesta
662 1755 720 1786 est.
755 1751 897 1785 Primum
921 1751 1004 1785 enim
1029 1751 1162 1794 legimus
1185 1762 1213 1785 v.
1234 1752 1295 1784 140
1319 1751 1426 1793 θαῦμα
1450 1751 1575 1784 ἰδέσθαι
1597 1751 1764 1785 formulam
1781 1752 1982 1785 Homericam

207 1806 414 1839 notissimam.
461 1805 662 1839 Simillimum
687 1808 736 1839 est
759 1805 923 1838 exordium
953 1814 1064 1838 versus
1089 1805 1152 1837 318
1184 1805 1291 1847 θαῦμα
1324 1804 1412 1837 ἰδεῖν.
1466 1806 1566 1838 Porro
1598 1805 1731 1846 legimus
1762 1815 1790 1836 v.
1816 1805 1879 1836 432
1909 1803 1981 1847 ἔτλη

207 1856 327 1898 ἐροέντα
356 1857 442 1889 ἰδών.
489 1856 552 1890 Sed
583 1857 694 1890 eadem
723 1856 860 1889 formula
887 1856 1049 1889 invenitur
1077 1857 1182 1889 P334
1206 1868 1227 1888 π
1247 1857 1310 1889 458
1341 1857 1386 1897 (in
1412 1857 1450 1889 II.
1475 1856 1569 1897 pede)
1594 1868 1610 1886 ο
1628 1855 1687 1888 531
1720 1856 1764 1896 (in
1790 1856 1849 1888 ΙΙΙ.
1875 1855 1980 1896 pede).

209 1908 344 1951 Saepius
366 1910 462 1943 etiam
478 1909 595 1951 legitur
610 1908 688 1941 ἄντα
705 1907 784 1940 ἰδών
810 1908 919 1941 N184.
937 1908 1001 1940 404
1024 1908 1135 1941 P305.
1153 1908 1216 1940 526
1241 1909 1271 1940 Χ
1280 1908 1343 1940 274
1368 1920 1389 1939 π
1401 1909 1464 1940 610
1484 1921 1507 1951 ρ
1522 1908 1594 1940 239.
1612 1926 1654 1931 —-
1679 1907 1754 1940 Sine
1771 1907 1869 1940 dubio
1885 1907 1981 1939 etiam

208 1970 237 1993 v.
261 1961 324 1994 445
348 1960 436 1992 δεινὰ
459 1960 486 1992 δ’
511 1960 636 2003 ὑπόδρα
660 1958 762 1991 ἶδοῦσ’
787 1962 892 1992 ortum
917 1962 966 1992 est
990 1969 1027 1992 ex
1050 1958 1219 1994 Homerica
1248 1961 1302 1994 illa
1330 1961 1467 1993 formula
1497 1960 1621 2003 ὑπόδρα
1652 1960 1728 1991 ἰδών
1754 1961 1776 1991 Α
1792 1960 1852 1992 148
1877 1960 1979 1992 13245

209 2012 232 2044 Δ
244 2013 308 2046 349
332 2013 360 2045 Ε
370 2013 443 2046 251.
460 2013 524 2046 888
539 2015 598 2047 etc.
623 2031 664 2036 -—
690 2013 726 2045 V.
744 2012 807 2044 335
831 2010 1042 2054 ὀφθαλμοῖσιν
1066 2011 1152 2049 ι’δών,
1175 2021 1367 2054 quamquam
1392 2012 1451 2045 hoc
1475 2012 1544 2045 loco
1560 2016 1691 2053 propter
1709 2023 1723 2042 ν
1740 2012 1978 2052 paragogicum,

207 2066 294 2107 quod
317 2066 435 2109 ubique
458 2075 631 2107 servamus,
655 2066 694 2099 de
711 2065 902 2108 digammate
918 2074 981 2098 non
997 2067 1046 2098 est
1062 2064 1277 2107 cogitandum,
1300 2068 1406 2098 tamen
1423 2065 1515 2099 liceat
1531 2074 1780 2099 commemorare
1796 2064 1981 2107 saepissime

208 2118 418 2161 ὀφθαλμοῖσιν
447 2123 522 2153 ante
551 2119 669 2153 formas
692 2129 710 2152 e
731 2118 840 2151 radice
863 2117 921 2158 ,Γιδ
948 2118 1138 2150 derivandas
1167 2118 1240 2159 legi.
1293 2118 1370 2149 T28
1404 2117 1435 2149 Π
1444 2118 1516 2150 182.
1549 2135 1587 2142 -
1618 2120 1642 2149 Α
1660 2118 1722 2150 587
1755 2118 1854 2149 0600
1879 2118 1978 2149 Ρ646

209 2170 240 2202 Σ
251 2171 322 2204 135.
348 2171 411 2203 190
438 2171 533 2204 Τ174
557 2171 669 2203 9246.
695 2171 758 2204 555
782 2173 842 2203 etc.
867 2188 909 2194 ——
932 2169 1005 2202 Uno
1027 2170 1097 2203 loco
1120 2170 1297 2202 invenimus
1330 2168 1413 2211 ἴδρις
1440 2170 1633 2203 adiectivum
1657 2180 1685 2202 v.
1710 2170 1771 2202 351
1799 2171 1847 2201 καὶ
1875 2170 1979 2206 ὀιζύος

208 2221 306 2265 ἴδριές
329 2222 425 2265 εἶμεν.
471 2223 534 2256 Sed
557 2233 597 2257 ne
619 2223 789 2264 vestigium
812 2221 940 2263 quidem
963 2222 1166 2263 digammatis
1190 2225 1361 2262 comparet.

365 2275 394 2308 5.
430 2274 611 2309 Verisimile
634 2278 684 2309 est
705 2277 781 2308 nota
803 2273 860 2307 illa
882 2272 1038 2314 Apollinis
1061 2273 1249 2316 cognomina
1272 2273 1465 2318 ἑκατηβόλος
1489 2273 1720 2317 ἑκατηβελέτης
1749 2273 1813 2306 alia
1837 2273 1910 2306 olim
1935 2274 1980 2306 di-

208 2331 369 2369 gammate
390 2329 583 2362 instructum
606 2328 713 2361 fuisse.
761 2327 824 2361 Sed
848 2337 887 2360 ex
909 2326 969 2359 hoc
992 2326 1132 2359 carmine
1155 2336 1237 2359 nova
1260 2330 1448 2367 argumenta
1470 2327 1573 2367 promi
1597 2337 1659 2358 non
1683 2329 1826 2366 possunt,
1851 2336 1924 2358 nam
1948 2327 1980 2359 id

208 2380 295 2421 quod
317 2379 435 2422 legitur
456 2389 486 2412 v.
503 2380 544 2412 58
568 2379 601 2411 ἐν
625 2379 746 2422 τεμένει
769 2377 963 2422 ἑκατηβόλου
981 2376 1174 2415 ’Λπόλλωνος
1197 2378 1275 2411 satis
1292 2381 1465 2412 excusatur
1480 2388 1613 2413 caesura
1629 2378 1866 2420 semiquinaria,
1890 2389 1981 2421 prae-

208 2432 319 2466 sertim
342 2441 414 2466 cum
437 2432 613 2474 cogitemus
635 2431 804 2466 formulam
826 2431 912 2464 illam
936 2431 979 2463 ἐκ.
998 2429 1061 2463 'Am
1085 2431 1171 2473 apud
1194 2431 1368 2465 Homerum
1397 2441 1524 2473 semper
1547 2442 1567 2465 a
1590 2441 1723 2466 caesura
1752 2432 1981 2476 semiquinaria

1790 2494 1823 2520 5}
