2384 3063
888 475 978 516 DE
1012 473 1236 516 SCUTO
1270 473 1632 516 HERCULIS.

520 567 654 600 Scutum
681 567 833 600 Herculis
856 578 894 601 ex
918 568 965 601 eis
989 566 1200 605 carminibus,
1225 576 1309 608 quae
1332 568 1392 600 sub
1416 567 1548 601 Hesiodi
1572 566 1816 600 nominelnobis
1838 567 1959 600 tradita
1987 569 2078 605 sunt,
2109 575 2159 599 ar-

361 624 514 662 gumento
538 620 714 661 praecipue
737 630 810 653 cum
828 621 967 653 Homero
991 619 1172 652 consentire
1195 629 1300 660 neque
1324 622 1449 652 veteres
1472 619 1555 659 fugit
1571 628 1674 659 neque
1690 619 1886 652 recentiores
1902 618 2006 658 latuit,
2032 618 2159 651 ethaeo

363 683 415 705 res
439 682 459 704 a
483 672 609 705 Rankio
632 673 764 713 quidem
788 673 820 704 in
844 681 903 704 sua
931 671 1071 705 editione
1102 680 1203 711 paene
1233 671 1418 703 accuratius
1448 680 1545 711 quam
1577 674 1647 704 erat
1674 680 1756 712 opus
1784 671 1931 712 exposita
1962 673 2021 703 est.
2067 670 2157 704 Idem

358 734 454 767 quam
472 725 653 759 rectissime
670 724 821 768 cagnovit
837 725 932 758 etiam
948 723 981 757 in
998 722 1104 757 verbis
1118 723 1249 757 Homeri
1265 723 1477 758 imitationem
1494 724 1730 766 agnoscendam
1747 734 1818 758 esse
1831 723 1886 767 (cf.
1904 734 1934 767 p.
1948 723 2158 766 347-354).

363 779 428 812 Sed
451 788 553 819 quum
578 788 662 820 quae
685 777 741 810 illo
765 779 834 810 loco
858 777 905 809 vir
929 777 1132 809 doctissimus
1156 777 1280 817 profert
1301 786 1463 817 perpauca
1486 777 1553 809 sint
1575 781 1609 809 et
1632 780 1757 809 tantum
1781 786 1821 809 ea
1841 786 1929 818 quae
1952 777 2160 816 apertissima

359 830 428 863 sint
450 838 570 871 operae
594 829 735 871 pretium
759 837 829 861 esse
852 828 981 860 videtur
1004 828 1109 862 denuo
1133 828 1164 860 in
1188 828 1271 862 hanc
1293 837 1361 861 rem
1386 828 1559 870 inquirere.

519 882 654 916 Scutum
678 884 786 914 autem
811 879 960 913 Herculis
983 889 1110 913 carmen
1135 890 1206 914 esse
1231 881 1310 915 mire
1334 881 1545 923 compositum
1570 885 1601 914 et
1627 880 1679 914 vix
1702 881 1852 914 carminis
1875 881 2003 914 nomine
2027 881 2159 922 dignum

361 937 425 968 iam
451 935 573 967 dudum
598 934 797 966 intellectum
822 937 880 964 est.
928 932 1018 964 Licet
1041 932 1125 964 enim
1150 933 1298 974 singulae
1321 934 1479 974 quaedam
1505 937 1614 974 partes
1638 934 1708 966 eius
1731 944 1807 966 vere
1830 933 2016 974 praeclarae
2039 933 2105 965 sint
2127 936 2160 965 et

361 987 602 1029 pulchritudine
625 995 685 1019 sua
707 988 739 1018 et
763 984 938 1018 virtutibus
961 983 1096 1025 poeticis
1120 983 1167 1017 ita
1190 984 1397 1026 splendeant,
1429 989 1465 1019 ut
1489 986 1663 1019 Homerum
1689 985 1803 1020 decere
1834 985 2020 1025 videantur,
2051 988 2159 1018 tamen

360 1042 398 1079 si,
422 1042 509 1083 quod
526 1049 686 1074 summum
703 1043 761 1076 est,
785 1038 935 1071 carminis
952 1048 1107 1071 conexum
1125 1038 1320 1076 consideras,
1345 1039 1371 1070 si
1395 1039 1532 1071 eundem
1556 1040 1596 1073 ab
1620 1039 1710 1071 initio
1737 1047 1840 1080 usque
1860 1039 1901 1071 ad
1917 1037 2011 1071 finem
2029 1047 2160 1071 enarra-

359 1095 457 1127 tionis
481 1105 611 1128 cursum
636 1094 774 1136 quaeris,
798 1093 827 1126 si
844 1102 943 1126 unum
960 1096 991 1126 et
1008 1092 1144 1134 simplex
1160 1091 1401 1134 compositionis
1417 1100 1521 1133 genus
1537 1095 1696 1133 expectas,
1713 1091 1827 1124 horum
1844 1091 1983 1123 omnium
2000 1091 2032 1123 in
2049 1093 2159 1123 nostro

361 1147 503 1179 carmine
528 1146 607 1179 nihil
631 1146 783 1187 reperies.
2012 1147 2015 1150 ’

520 1200 565 1231 Ac
589 1198 693 1240 primo
716 1197 827 1230 statim
852 1197 968 1229 obtutu
992 1197 1073 1229 duas
1097 1199 1207 1237 partes
1231 1206 1302 1229 esse
1325 1198 1475 1230 carminis
1500 1197 1582 1230 male
1599 1198 1683 1230 inter
1699 1206 1732 1229 se
1749 1197 1957 1230 cohaerentes
1974 1197 2158 1240 perspicies,

359 1262 495 1294 quarum
520 1252 610 1293 prior
634 1250 830 1284 Alcumenae
852 1249 965 1283 laudes
989 1252 1022 1282 ct
1046 1249 1196 1283 Herculis
1220 1251 1375 1291 originem
1400 1254 1542 1290 enarrat,
1567 1250 1728 1291 posterior
1751 1249 1899 1283 Herculis
1923 1259 2061 1292 pugnam
2086 1259 2157 1282 cum

358 1305 471 1346 Cygno
487 1304 603 1337 Martis
626 1304 766 1344 quodam
791 1303 856 1336 filio
882 1302 1046 1336 describit.
1085 1302 1214 1335 Deinde
1237 1313 1313 1344 pars
1336 1303 1425 1344 prior
1448 1304 1539 1336 initio
1564 1307 1714 1336 truncata
1738 1307 1788 1336 est
1810 1307 1908 1343 atque
1933 1304 2029 1335 etiam
2053 1306 2158 1343 poste-

358 1358 426 1390 rior
448 1361 513 1390 tam
538 1357 643 1389 solute
667 1356 767 1398 priori
791 1355 946 1388 adiuncta
969 1358 1028 1392 est,
1054 1358 1090 1387 ut
1114 1355 1186 1396 ipsa
1208 1364 1266 1396 per
1289 1363 1324 1386 se
1347 1357 1435 1387 stare
1458 1355 1570 1396 possit.
1616 1354 1782 1387 Postremo
1807 1355 1911 1388 media
1940 1356 1970 1387 in
1995 1359 2087 1397 parte
2110 1365 2158 1389 se-

359 1410 456 1443 cundi
480 1409 631 1442 carminis
655 1409 739 1453 scuti
764 1407 939 1448 descriptio
963 1406 1074 1439 addita
1098 1410 1162 1445 est,
1187 1415 1270 1446 quae
1294 1407 1364 1446 ipsa
1387 1407 1533 1447 quamvis
1557 1417 1614 1447 per
1637 1417 1672 1439 se
1697 1417 1758 1439 non
1783 1407 2020 1448 improbabiliS,
2051 1411 2157 1440 tamen

360 1461 388 1493 si
412 1460 490 1493 nihil
514 1463 610 1500 poeta
634 1459 696 1491 nisi
720 1468 860 1499 pugnam
886 1467 957 1490 cum
975 1458 1087 1498 Cygno
1109 1458 1291 1490 describere
1308 1458 1443 1496 volebat,
1469 1459 1563 1490 huius
1580 1459 1791 1491 enarrationis
1808 1468 1937 1492 cursum
1954 1460 2159 1493 vehementer

360 1512 556 1555 impediebat
580 1515 613 1545 et
637 1514 777 1545 mentem
801 1510 933 1544 lectoris
957 1520 976 1543 a
1000 1520 1035 1543 re
1059 1519 1184 1542 summa
1207 1511 1371 1543 avocabat.
1418 1511 1531 1553 ltaque
1554 1512 1581 1544 si
1604 1520 1668 1553 quo
1692 1512 1754 1545 alio
1777 1511 1809 1544 in
1834 1513 1985 1552 carmine,
2009 1513 2095 1554 quod
2120 1523 2157 1546 ex

359 1566 554 1605 antiquitate
578 1565 618 1597 ad
643 1574 702 1596 nos
726 1563 869 1596 delatum
894 1566 944 1595 est
974 1564 1079 1594 iustae
1109 1562 1326 1594 dubitationes
1357 1557 1446 1595 ortae
1476 1567 1568 1602 sunt,
1601 1568 1708 1596 utrum
1741 1574 1815 1597 vere
1843 1566 1889 1596 ita
1920 1567 1957 1597 ut
1986 1565 2090 1597 fertur
2121 1575 2158 1597 ex

359 1620 475 1658 poetae
500 1617 628 1657 ingenio
651 1615 781 1648 fluxerit
805 1624 914 1653 necne,
939 1615 969 1646 in
995 1614 1053 1646 hoc
1077 1623 1115 1646 ne
1141 1614 1350 1646 dubitandum
1376 1615 1503 1655 quidem
1529 1624 1599 1648 esse
1616 1616 1715 1648 videri
1734 1620 1850 1656 potest.
1886 1616 2005 1649 Tamen
2023 1617 2156 1650 eandem

363 1670 446 1700 hanc
470 1670 653 1700 iuncturam
679 1668 818 1706 partium
844 1667 1043 1697 diversarum
1068 1667 1247 1705 antiquitus
1271 1671 1303 1697 ct
1327 1667 1491 1699 exstitisse
1516 1671 1547 1698 et
1572 1667 1723 1699 carminis
1740 1669 1867 1700 nomine
1886 1669 2013 1700 venisse
2030 1672 2157 1709 praeter

360 1721 633 1763 exspectationem
659 1723 802 1753 nostram
827 1717 922 1751 facile
946 1719 1157 1759 cognoscitur.
1194 1719 1260 1751 Iam
1286 1718 1370 1751 enim
1389 1720 1620 1761 Aristophanes
1638 1720 1860 1762 Byzantius2⁴)
1877 1725 2000 1762 partem
2019 1721 2156 1762 priorem

357 1773 508 1808 carminis
532 1783 552 1805 a
576 1773 755 1813 posteriore
779 1771 940 1803 diversam
966 1780 1026 1803 non
1052 1772 1139 1803 novit
1162 1771 1276 1810 solum,
1301 1771 1358 1804 sed
1383 1773 1479 1804 etiam
1504 1772 1590 1805 unde
1621 1772 1779 1805 translata
1808 1773 1866 1812 sit,
1896 1773 2018 1806 docuit:
2055 1776 2089 1806 et
2118 1774 2157 1806 de

358 1827 538 1868 posteriore
562 1834 697 1868 prorsus
722 1824 833 1857 eodem
859 1823 970 1862 modo,
1001 1833 1063 1865 quo
1087 1824 1213 1857 sobrius
1236 1824 1341 1864 quivis
1365 1825 1465 1859 lector
1489 1825 1584 1858 hodie
1613 1825 1712 1865 solet,
1745 1825 1908 1858 iudicavit.
1956 1826 2070 1868 ltaque
2094 1836 2156 1860 non

358 1880 452 1912 modo
477 1880 528 1911 hic
552 1882 645 1911 vetus
669 1878 901 1918 grammaticus
926 1877 965 1908 de
982 1881 1091 1908 nostro
1108 1878 1247 1909 carmine
1264 1878 1469 1918 existimavit,
1493 1879 1550 1910 sed
1566 1878 1663 1911 etiam
1681 1878 1773 1910 multi
1790 1879 1996 1919 recentiores,
2020 1888 2156 1920 quorum

357 1931 462 1964 solum
487 1930 723 1972 Goettlingium
752 1930 891 1962 nomino.

518 1984 578 2016 Hic
603 1984 635 2014 in
660 1982 861 2023 praefatione
878 1982 1028 2014 editionis
1044 1992 1121 2014 suae
1139 1983 1227 2023 (pag.
1245 1982 1300 2022 58)
1318 1983 1378 2015 hoc
1394 1983 1489 2014 modo
1507 1992 1596 2015 suam
1614 1984 1806 2015 sententiam
1824 1983 1970 2024 exponit:
2006 1984 2159 2024 Dignosci

355 2046 451 2078 posse
476 2040 543 2069 tres
568 2039 687 2075 partes,
713 2044 850 2074 quarum
874 2033 1100 2075 antiquissima
1122 2035 1166 2066 sit
1190 2044 1209 2066 a
1233 2044 1327 2066 versu
1350 2036 1358 2064 l
1389 2044 1492 2075 usque
1515 2034 1556 2066 ad
1582 2043 1709 2066 versum
1735 2035 1788 2073 56,
1812 2043 1896 2075 quae
1920 2035 2091 2075 desumpta
2114 2035 2158 2067 sit

356 2099 394 2122 ex
413 2088 518 2124 Eoeis,
543 2096 626 2127 quae
651 2086 818 2125 dicuntur3
843 2085 1015 2118 secundam
1039 2089 1164 2126 partem
1189 2097 1260 2120 esse
1277 2097 1297 2120 a
1314 2097 1408 2120 versu
1426 2088 1467 2119 56
1492 2096 1594 2127 usque
1618 2087 1659 2119 ad
1679 2086 1750 2124 140,
1775 2096 1859 2127 quae
1875 2086 1917 2119 sit
1933 2087 2158 2129 coniungenda

357 2151 430 2174 cum
462 2140 611 2173 versibus
636 2138 834 2170 317-480,
881 2138 1020 2170 Tertiam
1051 2148 1185 2180 eamque
1216 2139 1309 2179 longe
1332 2140 1585 2172 recentissimam
1610 2149 1681 2173 esse
1705 2143 1841 2180 partem,
1865 2149 1949 2181 quae
1973 2140 2156 2173 uberiorem

359 2194 610 2234 descriptionem
634 2192 718 2224 scuti
742 2201 762 2223 a
785 2201 880 2224 versu
906 2191 963 2222 141
992 2199 1094 2231 usque
1118 2191 1159 2223 ad
1184 2200 1313 2224 versum
1337 2191 1400 2222 317
1424 2193 1577 2225 continet.

518 2245 659 2278 Causam
690 2247 817 2281 autem.
846 2253 909 2284 qua
938 2243 1156 2283 Goettlingius
1186 2243 1346 2277 adductus
1376 2243 1458 2276 hanc
1489 2247 1613 2284 partem
1645 2244 1686 2276 ab
1715 2247 1848 2277 auctore
1876 2244 1975 2277 ceteri
2006 2245 2156 2278 carminis

516 2390 552 2424 2⁴)
572 2389 685 2416 Initium
705 2389 793 2416 nostri
813 2388 942 2415 carminis
962 2395 996 2414 ex
1015 2388 1158 2423 Catalogo,
1177 2389 1250 2422 quod
1270 2397 1381 2416 carmen
1400 2388 1521 2415 Hesiodo
1542 2389 1692 2422 ascriptum
1713 2392 1767 2423 est,
1792 2392 1931 2423 sumptum
1957 2397 2016 2416 esse
2035 2390 2063 2416 in
2083 2390 2157 2418 codi-

358 2434 435 2460 cibus
454 2433 592 2460 nonnullis
613 2433 730 2460 dicitur:

515 2480 566 2512 τῆς
584 2478 702 2508 ἀσπίδος
720 2477 738 2512 ἡ
757 2476 833 2512 ἀρχὴ
852 2476 883 2502 ἐν
902 2478 943 2512 τῷ
968 2477 1100 2512 τετάρτῳ
1124 2477 1270 2512 καταλόγῳ
1294 2477 1415 2512 φέρεται
1441 2477 1525 2511 μέχρι
1551 2476 1653 2512 στίχων
1674 2475 1702 2502 ν’
1728 2477 1772 2503 καὶ
1791 2478 1829 2508 ς’,
1855 2477 1896 2503 διὸ
1920 2478 1965 2503 καὶ
1991 2477 2156 2504 ὑπώπτευεν

354 2520 562 2556 Ἀριστοφάνης
581 2522 618 2551 ὡς
637 2522 686 2547 οὐκ
707 2520 794 2547 οὖσαν
815 2521 904 2555 αὐτὴν
920 2519 1042 2547 Ἠσιόδου
1063 2521 1121 2546 ἀλλ’
1142 2521 1243 2554 ἑτέρου
1264 2522 1339 2550 τινὸς
1358 2521 1408 2555 τὴν
1425 2519 1545 2555 Ὁμήρου
1565 2520 1667 2546 ἀσπίδα
1685 2521 1864 2555 μιμήσασθαι
1882 2521 2119 2555 προαιρουμένου.
