<?xml version="1.0" encoding="UTF-8"?>
<!DOCTYPE html PUBLIC "-//W3C//DTD XHTML 1.0 Transitional//EN"
    "http://www.w3.org/TR/xhtml1/DTD/xhtml1-transitional.dtd">
<html xmlns="http://www.w3.org/1999/xhtml" xml:lang="en" lang="en">
 <head>
  <title>
</title>
<meta http-equiv="Content-Type" content="text/html;charset=utf-8" />
  <meta name='ocr-system' content='tesseract 3.04.00' />
  <meta name='ocr-capabilities' content='ocr_page ocr_carea ocr_par ocr_line ocrx_word'/>
</head>
<body>
  <div class='ocr_page' id='page_1' title='image "./4626732_0026.png"; bbox 0 0 2313 3094; ppageno 0'>
   <div class='ocr_carea' id='block_1_1' title="bbox 990 313 1208 343">
    <p class='ocr_par' dir='ltr' id='par_1_1' title="bbox 990 313 1208 343">
     <span class='ocr_line' id='line_1_1' title="bbox 990 313 1208 343; baseline 0 -7"><span class='ocrx_word' id='word_1_1' title='bbox 990 313 1208 343; x_wconf 78' lang='lat'>-17-</span> 
     </span>
    </p>
   </div>
   <div class='ocr_carea' id='block_1_2' title="bbox 203 406 2001 1919">
    <p class='ocr_par' dir='ltr' id='par_1_2' title="bbox 211 406 2001 557">
     <span class='ocr_line' id='line_1_2' title="bbox 369 406 1999 451; baseline -0.002 -9"><span class='ocrx_word' id='word_1_2' title='bbox 369 410 403 451; x_wconf 88' lang='lat'>6)</span> <span class='ocrx_word' id='word_1_3' title='bbox 427 410 572 450; x_wconf 90' lang='lat' dir='ltr'>Denique</span> <span class='ocrx_word' id='word_1_4' title='bbox 587 409 686 442; x_wconf 85' lang='lat' dir='ltr'>affero</span> <span class='ocrx_word' id='word_1_5' title='bbox 702 408 942 441; x_wconf 78' lang='lat' dir='ltr'>memorabilem</span> <span class='ocrx_word' id='word_1_6' title='bbox 958 409 1191 449; x_wconf 89' lang='lat' dir='ltr'>correptionem</span> <span class='ocrx_word' id='word_1_7' title='bbox 1216 408 1338 441; x_wconf 84' lang='lat' dir='ltr'>formae</span> <span class='ocrx_word' id='word_1_8' title='bbox 1362 408 1471 447; x_wconf 82' lang='grc' dir='ltr'><em>σκέπα,</em></span> <span class='ocrx_word' id='word_1_9' title='bbox 1496 416 1579 449; x_wconf 83' lang='lat' dir='ltr'>quae</span> <span class='ocrx_word' id='word_1_10' title='bbox 1607 411 1657 441; x_wconf 86' lang='lat' dir='ltr'>est</span> <span class='ocrx_word' id='word_1_11' title='bbox 1681 417 1710 439; x_wconf 89' lang='lat' dir='ltr'>v.</span> <span class='ocrx_word' id='word_1_12' title='bbox 1728 407 1802 439; x_wconf 83' lang='lat'>532.</span> <span class='ocrx_word' id='word_1_13' title='bbox 1840 406 1903 439; x_wconf 88' lang='lat' dir='ltr'>Sed</span> <span class='ocrx_word' id='word_1_14' title='bbox 1927 415 1999 439; x_wconf 91' lang='lat' dir='ltr'>cum</span> 
     </span>
     <span class='ocr_line' id='line_1_3' title="bbox 212 458 2001 505; baseline -0.002 -10"><span class='ocrx_word' id='word_1_15' title='bbox 212 465 338 496; x_wconf 89' lang='lat' dir='ltr'>constet</span> <span class='ocrx_word' id='word_1_16' title='bbox 360 462 440 505; x_wconf 78' lang='grc' dir='ltr'><em>γέρα</em></span> <span class='ocrx_word' id='word_1_17' title='bbox 464 461 568 494; x_wconf 80' lang='grc'>8237</span> <span class='ocrx_word' id='word_1_18' title='bbox 594 461 696 494; x_wconf 83' lang='grc' dir='ltr'><strong>Ε334</strong></span> <span class='ocrx_word' id='word_1_19' title='bbox 719 461 832 494; x_wconf 90' lang='lat' dir='ltr'>eodem</span> <span class='ocrx_word' id='word_1_20' title='bbox 855 460 950 494; x_wconf 91' lang='lat' dir='ltr'>modo</span> <span class='ocrx_word' id='word_1_21' title='bbox 973 463 1048 493; x_wconf 88' lang='lat' dir='ltr'>ante</span> <span class='ocrx_word' id='word_1_22' title='bbox 1071 469 1241 493; x_wconf 82' lang='lat' dir='ltr'>consonam</span> <span class='ocrx_word' id='word_1_23' title='bbox 1265 460 1393 503; x_wconf 86' lang='lat' dir='ltr'>corripi,</span> <span class='ocrx_word' id='word_1_24' title='bbox 1417 461 1470 494; x_wconf 85' lang='lat' dir='ltr'>vix</span> <span class='ocrx_word' id='word_1_25' title='bbox 1486 464 1544 502; x_wconf 83' lang='lat' dir='ltr'>est,</span> <span class='ocrx_word' id='word_1_26' title='bbox 1568 460 1654 502; x_wconf 91' lang='lat' dir='ltr'>quod</span> <span class='ocrx_word' id='word_1_27' title='bbox 1671 462 1783 493; x_wconf 87' lang='lat' dir='ltr'>noster</span> <span class='ocrx_word' id='word_1_28' title='bbox 1798 458 1888 492; x_wconf 88' lang='lat' dir='ltr'>locus</span> <span class='ocrx_word' id='word_1_29' title='bbox 1904 458 2001 492; x_wconf 88' lang='lat' dir='ltr'>offen-</span> 
     </span>
     <span class='ocr_line' id='line_1_4' title="bbox 211 516 422 557; baseline -0.009 -9"><span class='ocrx_word' id='word_1_30' title='bbox 211 516 288 548; x_wconf 83' lang='lat' dir='ltr'>dere</span> <span class='ocrx_word' id='word_1_31' title='bbox 309 516 422 557; x_wconf 84' lang='lat' dir='ltr'><strong>possit.</strong></span> 
     </span>
    </p>

    <p class='ocr_par' dir='ltr' id='par_1_3' title="bbox 211 564 1996 667">
     <span class='ocr_line' id='line_1_5' title="bbox 372 564 1996 608; baseline -0.002 -8"><span class='ocrx_word' id='word_1_32' title='bbox 372 566 557 601; x_wconf 87' lang='lat' dir='ltr'>Accusativi</span> <span class='ocrx_word' id='word_1_33' title='bbox 585 569 693 600; x_wconf 87' lang='lat' dir='ltr'>autem</span> <span class='ocrx_word' id='word_1_34' title='bbox 723 566 765 607; x_wconf 91' lang='lat' dir='ltr'>pl.</span> <span class='ocrx_word' id='word_1_35' title='bbox 790 565 974 599; x_wconf 84' lang='lat' dir='ltr'>terminatio</span> <span class='ocrx_word' id='word_1_36' title='bbox 1003 566 1036 598; x_wconf 90' lang='lat' dir='ltr'>in</span> <span class='ocrx_word' id='word_1_37' title='bbox 1066 576 1104 603; x_wconf 87' lang='grc' dir='ltr'>ας</span> <span class='ocrx_word' id='word_1_38' title='bbox 1135 566 1263 608; x_wconf 85' lang='lat' dir='ltr'>saepius</span> <span class='ocrx_word' id='word_1_39' title='bbox 1285 564 1476 599; x_wconf 91' lang='lat' dir='ltr'>Doricorum</span> <span class='ocrx_word' id='word_1_40' title='bbox 1505 575 1594 599; x_wconf 89' lang='lat' dir='ltr'>more</span> <span class='ocrx_word' id='word_1_41' title='bbox 1618 566 1670 608; x_wconf 77' lang='lat' dir='ltr'>(cs.</span> <span class='ocrx_word' id='word_1_42' title='bbox 1697 566 1833 600; x_wconf 88' lang='lat' dir='ltr'>Ahrens.</span> <span class='ocrx_word' id='word_1_43' title='bbox 1858 566 1898 600; x_wconf 93' lang='lat' dir='ltr'>de</span> <span class='ocrx_word' id='word_1_44' title='bbox 1923 565 1996 598; x_wconf 89' lang='lat' dir='ltr'>dial.</span> 
     </span>
     <span class='ocr_line' id='line_1_6' title="bbox 211 618 1566 667; baseline -0.001 -11"><span class='ocrx_word' id='word_1_45' title='bbox 211 624 289 656; x_wconf 91' lang='lat' dir='ltr'>Dor.</span> <span class='ocrx_word' id='word_1_46' title='bbox 313 634 343 665; x_wconf 91' lang='lat' dir='ltr'>p.</span> <span class='ocrx_word' id='word_1_47' title='bbox 363 624 436 655; x_wconf 82' lang='lat'>172.</span> <span class='ocrx_word' id='word_1_48' title='bbox 462 625 477 655; x_wconf 91' lang='lat'>1</span> <span class='ocrx_word' id='word_1_49' title='bbox 504 626 537 656; x_wconf 89' lang='lat' dir='ltr'>et</span> <span class='ocrx_word' id='word_1_50' title='bbox 560 633 632 655; x_wconf 88' lang='lat' dir='ltr'>ann.</span> <span class='ocrx_word' id='word_1_51' title='bbox 653 624 686 665; x_wconf 85' lang='lat'>1)</span> <span class='ocrx_word' id='word_1_52' title='bbox 710 622 886 663; x_wconf 83' lang='lat' dir='ltr'>corripitur</span> <span class='ocrx_word' id='word_1_53' title='bbox 902 626 937 655; x_wconf 92' lang='lat' dir='ltr'>ut</span> <span class='ocrx_word' id='word_1_54' title='bbox 960 633 988 654; x_wconf 90' lang='lat' dir='ltr'>v.</span> <span class='ocrx_word' id='word_1_55' title='bbox 1006 623 1080 655; x_wconf 85' lang='lat'>564.</span> <span class='ocrx_word' id='word_1_56' title='bbox 1106 622 1168 654; x_wconf 89' lang='grc'>663</span> <span class='ocrx_word' id='word_1_57' title='bbox 1189 623 1271 664; x_wconf 85' lang='grc' dir='ltr'><em>μετὰ</em></span> <span class='ocrx_word' id='word_1_58' title='bbox 1295 618 1414 665; x_wconf 59' lang='grc' dir='ltr'><em>τροπὰς</em></span> <span class='ocrx_word' id='word_1_59' title='bbox 1441 623 1566 667; x_wconf 77' lang='grc' dir='ltr'>ἠελίοιο.</span> 
     </span>
    </p>

    <p class='ocr_par' dir='ltr' id='par_1_4' title="bbox 209 674 2000 920">
     <span class='ocr_line' id='line_1_7' title="bbox 367 674 2000 718; baseline -0.001 -10"><span class='ocrx_word' id='word_1_60' title='bbox 367 675 535 709; x_wconf 89' lang='lat' dir='ltr'>Postremo</span> <span class='ocrx_word' id='word_1_61' title='bbox 566 680 733 709; x_wconf 85' lang='lat' dir='ltr'><strong>enumerat</strong></span> <span class='ocrx_word' id='word_1_62' title='bbox 755 674 893 708; x_wconf 86' lang='lat' dir='ltr'>Fietkau</span> <span class='ocrx_word' id='word_1_63' title='bbox 923 676 967 716; x_wconf 94' lang='lat' dir='ltr'>(p.</span> <span class='ocrx_word' id='word_1_64' title='bbox 986 675 1040 715; x_wconf 88' lang='grc'>16)</span> <span class='ocrx_word' id='word_1_65' title='bbox 1071 674 1151 718; x_wconf 79' lang='grc' dir='ltr'><em>τάχα</em></span> <span class='ocrx_word' id='word_1_66' title='bbox 1178 675 1263 708; x_wconf 91' lang='lat' dir='ltr'>inter</span> <span class='ocrx_word' id='word_1_67' title='bbox 1290 676 1446 708; x_wconf 82' lang='lat' dir='ltr'>vocabula</span> <span class='ocrx_word' id='word_1_68' title='bbox 1475 686 1538 709; x_wconf 90' lang='lat' dir='ltr'>non</span> <span class='ocrx_word' id='word_1_69' title='bbox 1568 676 1745 717; x_wconf 87' lang='lat' dir='ltr'>homerica,</span> <span class='ocrx_word' id='word_1_70' title='bbox 1777 676 1863 718; x_wconf 92' lang='lat' dir='ltr'>quod</span> <span class='ocrx_word' id='word_1_71' title='bbox 1887 686 1916 708; x_wconf 90' lang='lat' dir='ltr'>v.</span> <span class='ocrx_word' id='word_1_72' title='bbox 1935 676 2000 707; x_wconf 86' lang='lat'>504</span> 
     </span>
     <span class='ocr_line' id='line_1_8' title="bbox 211 727 1998 771; baseline -0.001 -10"><span class='ocrx_word' id='word_1_73' title='bbox 211 728 371 771; x_wconf 86' lang='lat' dir='ltr'>significet</span> <span class='ocrx_word' id='word_1_74' title='bbox 397 728 587 762; x_wconf 76' lang='lat' dir='ltr'>»fortasse«.</span> <span class='ocrx_word' id='word_1_75' title='bbox 624 728 687 762; x_wconf 87' lang='lat' dir='ltr'>Sed</span> <span class='ocrx_word' id='word_1_76' title='bbox 710 729 771 762; x_wconf 89' lang='lat' dir='ltr'>hoc</span> <span class='ocrx_word' id='word_1_77' title='bbox 787 738 848 762; x_wconf 90' lang='lat' dir='ltr'>non</span> <span class='ocrx_word' id='word_1_78' title='bbox 866 738 937 762; x_wconf 86' lang='lat' dir='ltr'>esse</span> <span class='ocrx_word' id='word_1_79' title='bbox 953 727 1190 762; x_wconf 84' lang='lat' dir='ltr'>concedendum</span> <span class='ocrx_word' id='word_1_80' title='bbox 1207 728 1283 760; x_wconf 90' lang='lat' dir='ltr'>mihi</span> <span class='ocrx_word' id='word_1_81' title='bbox 1298 727 1436 766; x_wconf 79' lang='lat' dir='ltr'>videtur,</span> <span class='ocrx_word' id='word_1_82' title='bbox 1459 737 1653 770; x_wconf 88' lang='lat' dir='ltr'>quamquam</span> <span class='ocrx_word' id='word_1_83' title='bbox 1672 730 1768 762; x_wconf 85' lang='lat' dir='ltr'>etiam</span> <span class='ocrx_word' id='word_1_84' title='bbox 1786 730 1836 762; x_wconf 92' lang='lat' dir='ltr'>vir</span> <span class='ocrx_word' id='word_1_85' title='bbox 1852 728 1998 762; x_wconf 85' lang='lat' dir='ltr'>doctissi-</span> 
     </span>
     <span class='ocr_line' id='line_1_9' title="bbox 211 779 1998 822; baseline 0 -8"><span class='ocrx_word' id='word_1_86' title='bbox 211 791 283 814; x_wconf 90' lang='lat' dir='ltr'>mus</span> <span class='ocrx_word' id='word_1_87' title='bbox 306 781 462 815; x_wconf 85' lang='lat' dir='ltr'>Lehrsius</span> <span class='ocrx_word' id='word_1_88' title='bbox 486 781 567 814; x_wconf 84' lang='lat' dir='ltr'><strong>dixit</strong></span> <span class='ocrx_word' id='word_1_89' title='bbox 589 781 648 814; x_wconf 87' lang='lat' dir='ltr'>hoc</span> <span class='ocrx_word' id='word_1_90' title='bbox 671 781 741 814; x_wconf 91' lang='lat' dir='ltr'>loco</span> <span class='ocrx_word' id='word_1_91' title='bbox 763 780 850 814; x_wconf 91' lang='lat' dir='ltr'>illius</span> <span class='ocrx_word' id='word_1_92' title='bbox 874 781 962 814; x_wconf 89' lang='lat' dir='ltr'>vocis</span> <span class='ocrx_word' id='word_1_93' title='bbox 992 781 1153 814; x_wconf 89' lang='lat' dir='ltr'>notionem</span> <span class='ocrx_word' id='word_1_94' title='bbox 1182 788 1253 813; x_wconf 88' lang='lat' dir='ltr'>esse</span> <span class='ocrx_word' id='word_1_95' title='bbox 1286 779 1522 822; x_wconf 77' lang='lat' dir='ltr'>»fortasse«.¹⁸)</span> <span class='ocrx_word' id='word_1_96' title='bbox 1569 781 1651 814; x_wconf 90' lang='lat' dir='ltr'>Puto</span> <span class='ocrx_word' id='word_1_97' title='bbox 1680 782 1764 814; x_wconf 91' lang='lat' dir='ltr'>enim</span> <span class='ocrx_word' id='word_1_98' title='bbox 1792 781 1872 814; x_wconf 88' lang='lat' dir='ltr'>nihil</span> <span class='ocrx_word' id='word_1_99' title='bbox 1901 781 1998 814; x_wconf 87' lang='lat' dir='ltr'>offen-</span> 
     </span>
     <span class='ocr_line' id='line_1_10' title="bbox 210 832 1997 875; baseline -0.001 -8"><span class='ocrx_word' id='word_1_100' title='bbox 210 834 310 867; x_wconf 82' lang='lat' dir='ltr'>sionis</span> <span class='ocrx_word' id='word_1_101' title='bbox 333 833 422 867; x_wconf 89' lang='lat' dir='ltr'>illum</span> <span class='ocrx_word' id='word_1_102' title='bbox 447 843 575 867; x_wconf 90' lang='lat' dir='ltr'>versum</span> <span class='ocrx_word' id='word_1_103' title='bbox 599 834 765 875; x_wconf 84' lang='lat' dir='ltr'>praebere,</span> <span class='ocrx_word' id='word_1_104' title='bbox 789 834 816 867; x_wconf 90' lang='lat' dir='ltr'>si</span> <span class='ocrx_word' id='word_1_105' title='bbox 841 843 913 868; x_wconf 90' lang='lat' dir='ltr'>cum</span> <span class='ocrx_word' id='word_1_106' title='bbox 938 832 1072 868; x_wconf 82' lang='lat' dir='ltr'>Steitzio</span> <span class='ocrx_word' id='word_1_107' title='bbox 1097 834 1348 875; x_wconf 85' lang='lat' dir='ltr'>interpretamur</span> <span class='ocrx_word' id='word_1_108' title='bbox 1374 834 1445 867; x_wconf 64' lang='lat' dir='ltr'>‘Du</span> <span class='ocrx_word' id='word_1_109' title='bbox 1468 834 1558 867; x_wconf 88' lang='lat' dir='ltr'>wirst</span> <span class='ocrx_word' id='word_1_110' title='bbox 1581 835 1640 867; x_wconf 91' lang='lat' dir='ltr'>Dir</span> <span class='ocrx_word' id='word_1_111' title='bbox 1660 835 1734 868; x_wconf 82' lang='lat' dir='ltr'>bald</span> <span class='ocrx_word' id='word_1_112' title='bbox 1752 834 1829 867; x_wconf 88' lang='lat' dir='ltr'>zwei</span> <span class='ocrx_word' id='word_1_113' title='bbox 1845 834 1911 867; x_wconf 92' lang='lat' dir='ltr'>und</span> <span class='ocrx_word' id='word_1_114' title='bbox 1928 834 1997 866; x_wconf 87' lang='lat' dir='ltr'>drei</span> 
     </span>
     <span class='ocr_line' id='line_1_11' title="bbox 209 886 530 920; baseline 0 -1"><span class='ocrx_word' id='word_1_115' title='bbox 209 886 275 920; x_wconf 83' lang='lat' dir='ltr'>Mal</span> <span class='ocrx_word' id='word_1_116' title='bbox 298 886 530 920; x_wconf 79' lang='lat' dir='ltr'>verschaffen«.</span> 
     </span>
    </p>

    <p class='ocr_par' dir='ltr' id='par_1_5' title="bbox 210 939 1996 1087">
     <span class='ocr_line' id='line_1_12' title="bbox 368 939 1996 983; baseline -0.001 -10"><span class='ocrx_word' id='word_1_117' title='bbox 368 940 449 974; x_wconf 89' lang='lat' dir='ltr'>Nolo</span> <span class='ocrx_word' id='word_1_118' title='bbox 473 940 600 974; x_wconf 89' lang='lat' dir='ltr'>silentio</span> <span class='ocrx_word' id='word_1_119' title='bbox 624 940 815 982; x_wconf 88' lang='lat' dir='ltr'>praeterire,</span> <span class='ocrx_word' id='word_1_120' title='bbox 844 941 930 983; x_wconf 89' lang='lat' dir='ltr'>quod</span> <span class='ocrx_word' id='word_1_121' title='bbox 952 941 1148 974; x_wconf 82' lang='lat' dir='ltr'>recentiores</span> <span class='ocrx_word' id='word_1_122' title='bbox 1177 940 1318 974; x_wconf 88' lang='lat' dir='ltr'>editores</span> <span class='ocrx_word' id='word_1_123' title='bbox 1346 940 1515 974; x_wconf 88' lang='lat' dir='ltr'>nonnullos</span> <span class='ocrx_word' id='word_1_124' title='bbox 1546 949 1657 974; x_wconf 91' lang='lat' dir='ltr'>versus</span> <span class='ocrx_word' id='word_1_125' title='bbox 1687 939 1897 982; x_wconf 87' lang='lat' dir='ltr'>interpolatos</span> <span class='ocrx_word' id='word_1_126' title='bbox 1926 949 1996 972; x_wconf 89' lang='lat' dir='ltr'>esse</span> 
     </span>
     <span class='ocr_line' id='line_1_13' title="bbox 210 993 1996 1035; baseline -0.001 -9"><span class='ocrx_word' id='word_1_127' title='bbox 210 993 455 1027; x_wconf 90' lang='lat' dir='ltr'>contenderunt.</span> <span class='ocrx_word' id='word_1_128' title='bbox 491 993 538 1026; x_wconf 90' lang='lat' dir='ltr'>Ac</span> <span class='ocrx_word' id='word_1_129' title='bbox 553 994 676 1034; x_wconf 88' lang='lat' dir='ltr'>primus</span> <span class='ocrx_word' id='word_1_130' title='bbox 698 993 828 1035; x_wconf 89' lang='lat' dir='ltr'>quidem</span> <span class='ocrx_word' id='word_1_131' title='bbox 850 993 1067 1035; x_wconf 83' lang='lat' dir='ltr'>Goettlingius</span> <span class='ocrx_word' id='word_1_132' title='bbox 1090 993 1216 1033; x_wconf 84' lang='lat' dir='ltr'>statuit,</span> <span class='ocrx_word' id='word_1_133' title='bbox 1240 994 1326 1034; x_wconf 89' lang='lat' dir='ltr'>quod</span> <span class='ocrx_word' id='word_1_134' title='bbox 1348 1004 1461 1027; x_wconf 88' lang='lat' dir='ltr'>versus</span> <span class='ocrx_word' id='word_1_135' title='bbox 1485 994 1550 1026; x_wconf 87' lang='lat'>504</span> <span class='ocrx_word' id='word_1_136' title='bbox 1573 1003 1634 1026; x_wconf 93' lang='lat' dir='ltr'>non</span> <span class='ocrx_word' id='word_1_137' title='bbox 1659 994 1700 1025; x_wconf 89' lang='lat' dir='ltr'>ab</span> <span class='ocrx_word' id='word_1_138' title='bbox 1716 993 1858 1026; x_wconf 87' lang='lat' dir='ltr'>Hesiodo</span> <span class='ocrx_word' id='word_1_139' title='bbox 1876 993 1996 1025; x_wconf 87' lang='lat' dir='ltr'>Boeoto</span> 
     </span>
     <span class='ocr_line' id='line_1_14' title="bbox 210 1044 1332 1087; baseline -0.001 -9"><span class='ocrx_word' id='word_1_140' title='bbox 210 1044 374 1087; x_wconf 84' lang='lat' dir='ltr'>profectus</span> <span class='ocrx_word' id='word_1_141' title='bbox 398 1049 494 1084; x_wconf 83' lang='lat' dir='ltr'>esset,</span> <span class='ocrx_word' id='word_1_142' title='bbox 517 1049 621 1079; x_wconf 90' lang='lat' dir='ltr'>totum</span> <span class='ocrx_word' id='word_1_143' title='bbox 645 1055 772 1079; x_wconf 83' lang='lat' dir='ltr'>carmen</span> <span class='ocrx_word' id='word_1_144' title='bbox 797 1046 985 1079; x_wconf 84' lang='lat'>503—560</span> <span class='ocrx_word' id='word_1_145' title='bbox 1008 1055 1079 1079; x_wconf 90' lang='lat' dir='ltr'>esse</span> <span class='ocrx_word' id='word_1_146' title='bbox 1102 1046 1185 1079; x_wconf 88' lang='lat' dir='ltr'>alius</span> <span class='ocrx_word' id='word_1_147' title='bbox 1208 1049 1332 1087; x_wconf 84' lang='lat' dir='ltr'>poetae.</span> 
     </span>
    </p>

    <p class='ocr_par' dir='ltr' id='par_1_6' title="bbox 207 1098 1998 1298">
     <span class='ocr_line' id='line_1_15' title="bbox 366 1098 1998 1141; baseline -0.001 -11"><span class='ocrx_word' id='word_1_148' title='bbox 366 1098 468 1131; x_wconf 85' lang='lat' dir='ltr'>Paulo</span> <span class='ocrx_word' id='word_1_149' title='bbox 491 1098 587 1132; x_wconf 83' lang='lat' dir='ltr'>aliter</span> <span class='ocrx_word' id='word_1_150' title='bbox 609 1099 763 1132; x_wconf 90' lang='lat' dir='ltr'>Lehrsius</span> <span class='ocrx_word' id='word_1_151' title='bbox 787 1099 925 1141; x_wconf 91' lang='lat' dir='ltr'>(quaest.</span> <span class='ocrx_word' id='word_1_152' title='bbox 951 1109 999 1141; x_wconf 90' lang='lat' dir='ltr'>ep.</span> <span class='ocrx_word' id='word_1_153' title='bbox 1024 1109 1055 1140; x_wconf 90' lang='lat' dir='ltr'>p.</span> <span class='ocrx_word' id='word_1_154' title='bbox 1075 1098 1152 1140; x_wconf 80' lang='lat'>200)</span> <span class='ocrx_word' id='word_1_155' title='bbox 1177 1107 1290 1132; x_wconf 84' lang='lat' dir='ltr'>versus</span> <span class='ocrx_word' id='word_1_156' title='bbox 1314 1098 1500 1131; x_wconf 87' lang='lat'>504—538</span> <span class='ocrx_word' id='word_1_157' title='bbox 1524 1108 1586 1132; x_wconf 95' lang='lat' dir='ltr'>non</span> <span class='ocrx_word' id='word_1_158' title='bbox 1619 1108 1690 1131; x_wconf 89' lang='lat' dir='ltr'>esse</span> <span class='ocrx_word' id='word_1_159' title='bbox 1712 1098 1890 1131; x_wconf 89' lang='lat' dir='ltr'>Hesiodeos</span> <span class='ocrx_word' id='word_1_160' title='bbox 1913 1098 1998 1130; x_wconf 84' lang='lat' dir='ltr'>arbi-</span> 
     </span>
     <span class='ocr_line' id='line_1_16' title="bbox 208 1150 1996 1193; baseline -0.001 -9"><span class='ocrx_word' id='word_1_161' title='bbox 208 1154 330 1191; x_wconf 82' lang='lat' dir='ltr'>tratur,</span> <span class='ocrx_word' id='word_1_162' title='bbox 361 1151 445 1193; x_wconf 92' lang='lat' dir='ltr'>quod</span> <span class='ocrx_word' id='word_1_163' title='bbox 471 1151 558 1184; x_wconf 93' lang='lat' dir='ltr'>color</span> <span class='ocrx_word' id='word_1_164' title='bbox 580 1161 599 1184; x_wconf 91' lang='lat' dir='ltr'>a</span> <span class='ocrx_word' id='word_1_165' title='bbox 622 1154 733 1184; x_wconf 89' lang='lat' dir='ltr'>nostro</span> <span class='ocrx_word' id='word_1_166' title='bbox 756 1151 898 1184; x_wconf 82' lang='lat' dir='ltr'>carmine</span> <span class='ocrx_word' id='word_1_167' title='bbox 921 1150 1015 1191; x_wconf 84' lang='lat' dir='ltr'>plane</span> <span class='ocrx_word' id='word_1_168' title='bbox 1039 1151 1184 1184; x_wconf 88' lang='lat' dir='ltr'>diversus</span> <span class='ocrx_word' id='word_1_169' title='bbox 1208 1152 1266 1192; x_wconf 89' lang='lat' dir='ltr'>sit,</span> <span class='ocrx_word' id='word_1_170' title='bbox 1298 1162 1372 1185; x_wconf 91' lang='lat' dir='ltr'>nam</span> <span class='ocrx_word' id='word_1_171' title='bbox 1396 1162 1458 1185; x_wconf 90' lang='lat' dir='ltr'>non</span> <span class='ocrx_word' id='word_1_172' title='bbox 1483 1153 1514 1184; x_wconf 93' lang='lat' dir='ltr'>in</span> <span class='ocrx_word' id='word_1_173' title='bbox 1539 1152 1682 1185; x_wconf 89' lang='lat' dir='ltr'>docendo</span> <span class='ocrx_word' id='word_1_174' title='bbox 1706 1154 1834 1193; x_wconf 84' lang='lat' dir='ltr'>poetam</span> <span class='ocrx_word' id='word_1_175' title='bbox 1863 1151 1996 1190; x_wconf 83' lang='lat' dir='ltr'>versari,</span> 
     </span>
     <span class='ocr_line' id='line_1_17' title="bbox 207 1202 1994 1245; baseline -0.001 -9"><span class='ocrx_word' id='word_1_176' title='bbox 207 1204 263 1236; x_wconf 88' lang='lat' dir='ltr'>sed</span> <span class='ocrx_word' id='word_1_177' title='bbox 292 1204 324 1235; x_wconf 92' lang='lat' dir='ltr'>in</span> <span class='ocrx_word' id='word_1_178' title='bbox 353 1203 574 1236; x_wconf 87' lang='lat' dir='ltr'>describendo.</span> <span class='ocrx_word' id='word_1_179' title='bbox 626 1204 792 1236; x_wconf 87' lang='lat' dir='ltr'>Postremo</span> <span class='ocrx_word' id='word_1_180' title='bbox 822 1202 947 1235; x_wconf 89' lang='lat' dir='ltr'>monuit</span> <span class='ocrx_word' id='word_1_181' title='bbox 976 1203 1129 1236; x_wconf 88' lang='lat' dir='ltr'>Steitzius</span> <span class='ocrx_word' id='word_1_182' title='bbox 1158 1214 1189 1245; x_wconf 92' lang='lat' dir='ltr'>p.</span> <span class='ocrx_word' id='word_1_183' title='bbox 1213 1204 1274 1236; x_wconf 88' lang='grc'>137</span> <span class='ocrx_word' id='word_1_184' title='bbox 1306 1214 1418 1238; x_wconf 90' lang='lat' dir='ltr'>versus</span> <span class='ocrx_word' id='word_1_185' title='bbox 1443 1205 1506 1237; x_wconf 85' lang='lat'>513</span> <span class='ocrx_word' id='word_1_186' title='bbox 1521 1223 1550 1227; x_wconf 77' lang='lat'>——</span> <span class='ocrx_word' id='word_1_187' title='bbox 1565 1205 1628 1237; x_wconf 86' lang='lat'>535</span> <span class='ocrx_word' id='word_1_188' title='bbox 1659 1204 1799 1237; x_wconf 83' lang='lat' dir='ltr'>absurda</span> <span class='ocrx_word' id='word_1_189' title='bbox 1834 1204 1994 1245; x_wconf 85' lang='lat' dir='ltr'>quaedam</span> 
     </span>
     <span class='ocr_line' id='line_1_18' title="bbox 207 1255 1788 1298; baseline -0.001 -9"><span class='ocrx_word' id='word_1_190' title='bbox 207 1259 305 1298; x_wconf 88' lang='lat' dir='ltr'>atque</span> <span class='ocrx_word' id='word_1_191' title='bbox 327 1255 470 1289; x_wconf 85' lang='lat' dir='ltr'>Hesiodo</span> <span class='ocrx_word' id='word_1_192' title='bbox 493 1256 716 1296; x_wconf 79' lang='lat' dir='ltr'>indignissima</span> <span class='ocrx_word' id='word_1_193' title='bbox 739 1259 773 1289; x_wconf 85' lang='lat' dir='ltr'>et</span> <span class='ocrx_word' id='word_1_194' title='bbox 794 1266 814 1288; x_wconf 81' lang='lat' dir='ltr'>a</span> <span class='ocrx_word' id='word_1_195' title='bbox 837 1255 953 1297; x_wconf 89' lang='lat' dir='ltr'>reliqui</span> <span class='ocrx_word' id='word_1_196' title='bbox 977 1256 1129 1288; x_wconf 82' lang='lat' dir='ltr'>carminis</span> <span class='ocrx_word' id='word_1_197' title='bbox 1152 1257 1266 1290; x_wconf 86' lang='lat' dir='ltr'>habitu</span> <span class='ocrx_word' id='word_1_198' title='bbox 1289 1257 1426 1290; x_wconf 90' lang='lat' dir='ltr'>multum</span> <span class='ocrx_word' id='word_1_199' title='bbox 1450 1257 1577 1290; x_wconf 86' lang='lat' dir='ltr'>diversa</span> <span class='ocrx_word' id='word_1_200' title='bbox 1599 1266 1788 1298; x_wconf 87' lang='lat' dir='ltr'>proponere.</span> 
     </span>
    </p>

    <p class='ocr_par' dir='ltr' id='par_1_7' title="bbox 204 1308 1994 1612">
     <span class='ocr_line' id='line_1_19' title="bbox 363 1308 1994 1351; baseline 0 -11"><span class='ocrx_word' id='word_1_201' title='bbox 363 1308 431 1341; x_wconf 91' lang='lat' dir='ltr'>Illis</span> <span class='ocrx_word' id='word_1_202' title='bbox 447 1308 616 1341; x_wconf 80' lang='lat' dir='ltr'>sententiis</span> <span class='ocrx_word' id='word_1_203' title='bbox 632 1308 821 1349; x_wconf 86' lang='lat' dir='ltr'>Goettlingii</span> <span class='ocrx_word' id='word_1_204' title='bbox 839 1311 872 1341; x_wconf 89' lang='lat' dir='ltr'>et</span> <span class='ocrx_word' id='word_1_205' title='bbox 886 1308 1021 1348; x_wconf 89' lang='lat' dir='ltr'>Lehrsii,</span> <span class='ocrx_word' id='word_1_206' title='bbox 1046 1309 1100 1350; x_wconf 93' lang='lat' dir='ltr'>qui</span> <span class='ocrx_word' id='word_1_207' title='bbox 1124 1312 1348 1350; x_wconf 86' lang='lat' dir='ltr'>argumentum</span> <span class='ocrx_word' id='word_1_208' title='bbox 1372 1310 1447 1342; x_wconf 89' lang='lat' dir='ltr'>inde</span> <span class='ocrx_word' id='word_1_209' title='bbox 1471 1313 1611 1349; x_wconf 82' lang='lat' dir='ltr'>sumunt,</span> <span class='ocrx_word' id='word_1_210' title='bbox 1636 1309 1720 1351; x_wconf 92' lang='lat' dir='ltr'>quod</span> <span class='ocrx_word' id='word_1_211' title='bbox 1744 1318 1859 1342; x_wconf 91' lang='lat' dir='ltr'>nomen</span> <span class='ocrx_word' id='word_1_212' title='bbox 1877 1309 1994 1341; x_wconf 86' lang='lat' dir='ltr'>mensis</span> 
     </span>
     <span class='ocr_line' id='line_1_20' title="bbox 209 1361 1992 1404; baseline -0.001 -10"><span class='ocrx_word' id='word_1_213' title='bbox 209 1362 387 1395; x_wconf 87' lang='lat' dir='ltr'>Lenaeonis</span> <span class='ocrx_word' id='word_1_214' title='bbox 410 1362 442 1394; x_wconf 89' lang='lat' dir='ltr'>in</span> <span class='ocrx_word' id='word_1_215' title='bbox 460 1362 594 1395; x_wconf 88' lang='lat' dir='ltr'>Boeotia</span> <span class='ocrx_word' id='word_1_216' title='bbox 618 1372 679 1394; x_wconf 90' lang='lat' dir='ltr'>non</span> <span class='ocrx_word' id='word_1_217' title='bbox 704 1362 861 1394; x_wconf 77' lang='lat' dir='ltr'>usitatum</span> <span class='ocrx_word' id='word_1_218' title='bbox 884 1361 990 1401; x_wconf 83' lang='lat' dir='ltr'>fuerit,</span> <span class='ocrx_word' id='word_1_219' title='bbox 1016 1371 1079 1394; x_wconf 92' lang='lat' dir='ltr'>non</span> <span class='ocrx_word' id='word_1_220' title='bbox 1102 1362 1255 1400; x_wconf 86' lang='lat' dir='ltr'>adducor,</span> <span class='ocrx_word' id='word_1_221' title='bbox 1279 1366 1316 1395; x_wconf 91' lang='lat' dir='ltr'>ut</span> <span class='ocrx_word' id='word_1_222' title='bbox 1339 1363 1422 1396; x_wconf 88' lang='lat' dir='ltr'>hunc</span> <span class='ocrx_word' id='word_1_223' title='bbox 1446 1363 1548 1396; x_wconf 90' lang='lat' dir='ltr'>locum</span> <span class='ocrx_word' id='word_1_224' title='bbox 1566 1361 1711 1404; x_wconf 89' lang='lat' dir='ltr'>spurium</span> <span class='ocrx_word' id='word_1_225' title='bbox 1729 1362 1874 1395; x_wconf 86' lang='lat' dir='ltr'>habeam.</span> <span class='ocrx_word' id='word_1_226' title='bbox 1911 1361 1992 1394; x_wconf 89' lang='lat' dir='ltr'>Nam</span> 
     </span>
     <span class='ocr_line' id='line_1_21' title="bbox 205 1414 1993 1457; baseline -0.001 -10"><span class='ocrx_word' id='word_1_227' title='bbox 205 1415 265 1454; x_wconf 86' lang='lat' dir='ltr'>hoc</span> <span class='ocrx_word' id='word_1_228' title='bbox 288 1415 415 1448; x_wconf 88' lang='lat' dir='ltr'>nomine</span> <span class='ocrx_word' id='word_1_229' title='bbox 438 1417 563 1447; x_wconf 86' lang='lat' dir='ltr'>mutato</span> <span class='ocrx_word' id='word_1_230' title='bbox 587 1415 619 1447; x_wconf 94' lang='lat' dir='ltr'>in</span> <span class='ocrx_word' id='word_1_231' title='bbox 645 1415 826 1454; x_wconf 79' lang='grc' dir='ltr'><em>Βουκάτιον,</em></span> <span class='ocrx_word' id='word_1_232' title='bbox 851 1415 937 1456; x_wconf 93' lang='lat' dir='ltr'>quod</span> <span class='ocrx_word' id='word_1_233' title='bbox 958 1414 1111 1447; x_wconf 87' lang='lat' dir='ltr'>Steitzius</span> <span class='ocrx_word' id='word_1_234' title='bbox 1133 1415 1342 1457; x_wconf 78' lang='lat' dir='ltr'>proponebat,</span> <span class='ocrx_word' id='word_1_235' title='bbox 1366 1424 1462 1456; x_wconf 87' lang='lat' dir='ltr'>quam</span> <span class='ocrx_word' id='word_1_236' title='bbox 1485 1415 1637 1448; x_wconf 85' lang='lat' dir='ltr'>facillime</span> <span class='ocrx_word' id='word_1_237' title='bbox 1661 1415 1833 1448; x_wconf 81' lang='lat' dir='ltr'>difficultas</span> <span class='ocrx_word' id='word_1_238' title='bbox 1857 1414 1993 1447; x_wconf 90' lang='lat' dir='ltr'>tollitur.</span> 
     </span>
     <span class='ocr_line' id='line_1_22' title="bbox 206 1467 1994 1510; baseline 0 -10"><span class='ocrx_word' id='word_1_239' title='bbox 206 1468 297 1507; x_wconf 93' lang='lat' dir='ltr'>Quod</span> <span class='ocrx_word' id='word_1_240' title='bbox 321 1468 348 1500; x_wconf 86' lang='lat' dir='ltr'>si</span> <span class='ocrx_word' id='word_1_241' title='bbox 371 1468 443 1509; x_wconf 87' lang='lat' dir='ltr'>quis</span> <span class='ocrx_word' id='word_1_242' title='bbox 466 1468 640 1508; x_wconf 88' lang='lat' dir='ltr'>improbat,</span> <span class='ocrx_word' id='word_1_243' title='bbox 670 1471 778 1501; x_wconf 82' lang='lat' dir='ltr'>tamen</span> <span class='ocrx_word' id='word_1_244' title='bbox 802 1467 834 1500; x_wconf 92' lang='lat' dir='ltr'>in</span> <span class='ocrx_word' id='word_1_245' title='bbox 859 1467 927 1501; x_wconf 92' lang='lat' dir='ltr'>solo</span> <span class='ocrx_word' id='word_1_246' title='bbox 951 1467 1079 1500; x_wconf 91' lang='lat' dir='ltr'>nomine</span> <span class='ocrx_word' id='word_1_247' title='bbox 1102 1478 1164 1501; x_wconf 94' lang='lat' dir='ltr'>non</span> <span class='ocrx_word' id='word_1_248' title='bbox 1188 1469 1268 1501; x_wconf 85' lang='lat' dir='ltr'>satis</span> <span class='ocrx_word' id='word_1_249' title='bbox 1290 1479 1420 1510; x_wconf 84' lang='lat' dir='ltr'>gravem</span> <span class='ocrx_word' id='word_1_250' title='bbox 1445 1479 1516 1502; x_wconf 89' lang='lat' dir='ltr'>esse</span> <span class='ocrx_word' id='word_1_251' title='bbox 1544 1478 1676 1502; x_wconf 80' lang='lat' dir='ltr'>causam</span> <span class='ocrx_word' id='word_1_252' title='bbox 1708 1469 1796 1507; x_wconf 84' lang='lat' dir='ltr'>dico,</span> <span class='ocrx_word' id='word_1_253' title='bbox 1827 1478 1885 1501; x_wconf 89' lang='lat' dir='ltr'>cur</span> <span class='ocrx_word' id='word_1_254' title='bbox 1914 1468 1994 1500; x_wconf 88' lang='lat' dir='ltr'>haec</span> 
     </span>
     <span class='ocr_line' id='line_1_23' title="bbox 205 1520 1992 1562; baseline -0.001 -10"><span class='ocrx_word' id='word_1_255' title='bbox 205 1530 281 1560; x_wconf 88' lang='lat' dir='ltr'>pars</span> <span class='ocrx_word' id='word_1_256' title='bbox 305 1521 345 1552; x_wconf 83' lang='lat' dir='ltr'>ab</span> <span class='ocrx_word' id='word_1_257' title='bbox 369 1520 510 1552; x_wconf 89' lang='lat' dir='ltr'>Hesiodo</span> <span class='ocrx_word' id='word_1_258' title='bbox 533 1520 744 1557; x_wconf 86' lang='lat' dir='ltr'>abiudicetur,</span> <span class='ocrx_word' id='word_1_259' title='bbox 768 1529 872 1560; x_wconf 87' lang='lat' dir='ltr'>neque</span> <span class='ocrx_word' id='word_1_260' title='bbox 895 1520 1022 1560; x_wconf 86' lang='lat' dir='ltr'>longam</span> <span class='ocrx_word' id='word_1_261' title='bbox 1045 1520 1132 1551; x_wconf 88' lang='lat' dir='ltr'>illam</span> <span class='ocrx_word' id='word_1_262' title='bbox 1156 1530 1239 1560; x_wconf 86' lang='lat' dir='ltr'>quae</span> <span class='ocrx_word' id='word_1_263' title='bbox 1262 1521 1425 1562; x_wconf 86' lang='lat' dir='ltr'>sequitur,</span> <span class='ocrx_word' id='word_1_264' title='bbox 1449 1521 1698 1562; x_wconf 84' lang='lat' dir='ltr'>descriptionem</span> <span class='ocrx_word' id='word_1_265' title='bbox 1721 1521 1929 1561; x_wconf 82' lang='lat' dir='ltr'>paraenetico</span> <span class='ocrx_word' id='word_1_266' title='bbox 1953 1520 1992 1551; x_wconf 88' lang='lat' dir='ltr'>ad</span> 
     </span>
     <span class='ocr_line' id='line_1_24' title="bbox 204 1571 1189 1612; baseline 0 -7"><span class='ocrx_word' id='word_1_267' title='bbox 204 1571 336 1605; x_wconf 85' lang='lat' dir='ltr'>fratrem</span> <span class='ocrx_word' id='word_1_268' title='bbox 361 1572 493 1605; x_wconf 88' lang='lat' dir='ltr'>carmini</span> <span class='ocrx_word' id='word_1_269' title='bbox 516 1573 668 1605; x_wconf 85' lang='lat' dir='ltr'>insertam</span> <span class='ocrx_word' id='word_1_270' title='bbox 693 1571 792 1606; x_wconf 90' lang='lat' dir='ltr'>fuisse</span> <span class='ocrx_word' id='word_1_271' title='bbox 815 1572 966 1612; x_wconf 90' lang='lat' dir='ltr'>adducor,</span> <span class='ocrx_word' id='word_1_272' title='bbox 991 1575 1028 1605; x_wconf 91' lang='lat' dir='ltr'>ut</span> <span class='ocrx_word' id='word_1_273' title='bbox 1050 1573 1189 1605; x_wconf 89' lang='lat' dir='ltr'>credam.</span> 
     </span>
    </p>

    <p class='ocr_par' dir='ltr' id='par_1_8' title="bbox 203 1623 1994 1919">
     <span class='ocr_line' id='line_1_25' title="bbox 362 1623 1993 1667; baseline 0.001 -11"><span class='ocrx_word' id='word_1_274' title='bbox 362 1623 526 1656; x_wconf 90' lang='lat' dir='ltr'>Confiteor</span> <span class='ocrx_word' id='word_1_275' title='bbox 548 1628 656 1656; x_wconf 87' lang='lat' dir='ltr'>autem</span> <span class='ocrx_word' id='word_1_276' title='bbox 681 1624 759 1656; x_wconf 92' lang='lat' dir='ltr'>mihi</span> <span class='ocrx_word' id='word_1_277' title='bbox 782 1624 921 1664; x_wconf 84' lang='lat' dir='ltr'>plurima</span> <span class='ocrx_word' id='word_1_278' title='bbox 944 1635 982 1656; x_wconf 84' lang='lat' dir='ltr'>ex</span> <span class='ocrx_word' id='word_1_279' title='bbox 999 1625 1055 1663; x_wconf 88' lang='lat' dir='ltr'>eis,</span> <span class='ocrx_word' id='word_1_280' title='bbox 1079 1634 1163 1664; x_wconf 87' lang='lat' dir='ltr'>quae</span> <span class='ocrx_word' id='word_1_281' title='bbox 1178 1624 1334 1658; x_wconf 87' lang='lat' dir='ltr'>Steitzius</span> <span class='ocrx_word' id='word_1_282' title='bbox 1350 1627 1480 1666; x_wconf 90' lang='lat' dir='ltr'>quidem</span> <span class='ocrx_word' id='word_1_283' title='bbox 1497 1626 1641 1667; x_wconf 87' lang='lat' dir='ltr'>protulit,</span> <span class='ocrx_word' id='word_1_284' title='bbox 1667 1627 1839 1659; x_wconf 89' lang='lat' dir='ltr'>admodum</span> <span class='ocrx_word' id='word_1_285' title='bbox 1857 1626 1993 1667; x_wconf 87' lang='lat' dir='ltr'>placere,</span> 
     </span>
     <span class='ocr_line' id='line_1_26' title="bbox 204 1676 1993 1720; baseline 0.001 -12"><span class='ocrx_word' id='word_1_286' title='bbox 204 1676 261 1709; x_wconf 91' lang='lat' dir='ltr'>sed</span> <span class='ocrx_word' id='word_1_287' title='bbox 285 1686 383 1718; x_wconf 92' lang='lat' dir='ltr'>quum</span> <span class='ocrx_word' id='word_1_288' title='bbox 408 1676 533 1709; x_wconf 89' lang='lat' dir='ltr'>dicendi</span> <span class='ocrx_word' id='word_1_289' title='bbox 557 1686 674 1717; x_wconf 81' lang='lat' dir='ltr'>genere</span> <span class='ocrx_word' id='word_1_290' title='bbox 698 1676 841 1717; x_wconf 86' lang='lat' dir='ltr'>singulae</span> <span class='ocrx_word' id='word_1_291' title='bbox 864 1676 959 1709; x_wconf 88' lang='lat' dir='ltr'>huius</span> <span class='ocrx_word' id='word_1_292' title='bbox 984 1677 1132 1709; x_wconf 89' lang='lat' dir='ltr'>carminis</span> <span class='ocrx_word' id='word_1_293' title='bbox 1156 1680 1265 1719; x_wconf 91' lang='lat' dir='ltr'>partes</span> <span class='ocrx_word' id='word_1_294' title='bbox 1290 1679 1332 1719; x_wconf 89' lang='lat' dir='ltr'>(v.</span> <span class='ocrx_word' id='word_1_295' title='bbox 1349 1678 1544 1720; x_wconf 79' lang='lat'>383—617)</span> <span class='ocrx_word' id='word_1_296' title='bbox 1568 1679 1653 1712; x_wconf 91' lang='lat' dir='ltr'>inter</span> <span class='ocrx_word' id='word_1_297' title='bbox 1669 1688 1704 1711; x_wconf 89' lang='lat' dir='ltr'>se</span> <span class='ocrx_word' id='word_1_298' title='bbox 1720 1688 1782 1711; x_wconf 91' lang='lat' dir='ltr'>non</span> <span class='ocrx_word' id='word_1_299' title='bbox 1800 1679 1993 1719; x_wconf 76' lang='lat' dir='ltr'>discrepent,</span> 
     </span>
     <span class='ocr_line' id='line_1_27' title="bbox 204 1729 1994 1771; baseline 0.001 -10"><span class='ocrx_word' id='word_1_300' title='bbox 204 1740 266 1762; x_wconf 92' lang='lat' dir='ltr'>non</span> <span class='ocrx_word' id='word_1_301' title='bbox 298 1732 364 1769; x_wconf 89' lang='lat' dir='ltr'>est,</span> <span class='ocrx_word' id='word_1_302' title='bbox 397 1730 482 1771; x_wconf 90' lang='lat' dir='ltr'>quod</span> <span class='ocrx_word' id='word_1_303' title='bbox 512 1730 695 1763; x_wconf 85' lang='lat' dir='ltr'>accuratius</span> <span class='ocrx_word' id='word_1_304' title='bbox 725 1739 809 1762; x_wconf 88' lang='lat' dir='ltr'>nunc</span> <span class='ocrx_word' id='word_1_305' title='bbox 831 1729 871 1762; x_wconf 93' lang='lat' dir='ltr'>de</span> <span class='ocrx_word' id='word_1_306' title='bbox 895 1729 940 1762; x_wconf 86' lang='lat' dir='ltr'>eis</span> <span class='ocrx_word' id='word_1_307' title='bbox 964 1729 1133 1769; x_wconf 88' lang='lat' dir='ltr'>disputem.</span> <span class='ocrx_word' id='word_1_308' title='bbox 1180 1729 1242 1762; x_wconf 89' lang='lat' dir='ltr'>Sed</span> <span class='ocrx_word' id='word_1_309' title='bbox 1267 1730 1383 1762; x_wconf 89' lang='lat' dir='ltr'>iniuria</span> <span class='ocrx_word' id='word_1_310' title='bbox 1406 1731 1459 1763; x_wconf 89' lang='lat' dir='ltr'>ille</span> <span class='ocrx_word' id='word_1_311' title='bbox 1483 1731 1638 1763; x_wconf 87' lang='lat' dir='ltr'>vocabula</span> <span class='ocrx_word' id='word_1_312' title='bbox 1661 1740 1722 1762; x_wconf 90' lang='lat' dir='ltr'>non</span> <span class='ocrx_word' id='word_1_313' title='bbox 1747 1731 1911 1763; x_wconf 85' lang='lat' dir='ltr'>homerica</span> <span class='ocrx_word' id='word_1_314' title='bbox 1933 1731 1994 1764; x_wconf 89' lang='lat' dir='ltr'>hoc</span> 
     </span>
     <span class='ocr_line' id='line_1_28' title="bbox 204 1781 1992 1823; baseline 0.002 -10"><span class='ocrx_word' id='word_1_315' title='bbox 204 1782 273 1814; x_wconf 89' lang='lat' dir='ltr'>loco</span> <span class='ocrx_word' id='word_1_316' title='bbox 296 1784 486 1815; x_wconf 87' lang='lat' dir='ltr'>coacervata</span> <span class='ocrx_word' id='word_1_317' title='bbox 509 1791 580 1815; x_wconf 90' lang='lat' dir='ltr'>esse</span> <span class='ocrx_word' id='word_1_318' title='bbox 604 1781 715 1821; x_wconf 88' lang='lat' dir='ltr'>credit,</span> <span class='ocrx_word' id='word_1_319' title='bbox 740 1791 814 1814; x_wconf 87' lang='lat' dir='ltr'>nam</span> <span class='ocrx_word' id='word_1_320' title='bbox 838 1784 871 1814; x_wconf 90' lang='lat' dir='ltr'>et</span> <span class='ocrx_word' id='word_1_321' title='bbox 893 1781 963 1813; x_wconf 84' lang='lat' dir='ltr'>aliis</span> <span class='ocrx_word' id='word_1_322' title='bbox 987 1781 1133 1814; x_wconf 87' lang='lat' dir='ltr'>versibus</span> <span class='ocrx_word' id='word_1_323' title='bbox 1157 1781 1290 1814; x_wconf 89' lang='lat' dir='ltr'>totidem</span> <span class='ocrx_word' id='word_1_324' title='bbox 1315 1783 1412 1815; x_wconf 85' lang='lat' dir='ltr'>verba</span> <span class='ocrx_word' id='word_1_325' title='bbox 1438 1783 1655 1822; x_wconf 88' lang='lat' dir='ltr'>inveniuntur,</span> <span class='ocrx_word' id='word_1_326' title='bbox 1679 1792 1762 1823; x_wconf 90' lang='lat' dir='ltr'>quae</span> <span class='ocrx_word' id='word_1_327' title='bbox 1786 1784 1826 1815; x_wconf 90' lang='lat' dir='ltr'>ab</span> <span class='ocrx_word' id='word_1_328' title='bbox 1852 1793 1912 1816; x_wconf 85' lang='lat' dir='ltr'>usu</span> <span class='ocrx_word' id='word_1_329' title='bbox 1930 1783 1992 1816; x_wconf 91' lang='lat' dir='ltr'>Ho-</span> 
     </span>
     <span class='ocr_line' id='line_1_29' title="bbox 204 1833 1993 1877; baseline 0.001 -11"><span class='ocrx_word' id='word_1_330' title='bbox 204 1834 321 1866; x_wconf 91' lang='lat' dir='ltr'>merico</span> <span class='ocrx_word' id='word_1_331' title='bbox 345 1834 451 1866; x_wconf 89' lang='lat' dir='ltr'>aliena</span> <span class='ocrx_word' id='word_1_332' title='bbox 475 1837 560 1866; x_wconf 89' lang='lat' dir='ltr'>sunt.</span> <span class='ocrx_word' id='word_1_333' title='bbox 608 1835 650 1866; x_wconf 93' lang='lat' dir='ltr'>Et</span> <span class='ocrx_word' id='word_1_334' title='bbox 672 1834 758 1875; x_wconf 87' lang='lat' dir='ltr'>quod</span> <span class='ocrx_word' id='word_1_335' title='bbox 782 1834 822 1866; x_wconf 93' lang='lat' dir='ltr'>ad</span> <span class='ocrx_word' id='word_1_336' title='bbox 845 1834 932 1866; x_wconf 88' lang='lat' dir='ltr'>locos</span> <span class='ocrx_word' id='word_1_337' title='bbox 956 1842 1149 1873; x_wconf 85' lang='lat' dir='ltr'>communeS‚</span> <span class='ocrx_word' id='word_1_338' title='bbox 1172 1843 1252 1873; x_wconf 89' lang='lat' dir='ltr'>quos</span> <span class='ocrx_word' id='word_1_339' title='bbox 1276 1833 1430 1867; x_wconf 88' lang='lat' dir='ltr'>Stcitzius</span> <span class='ocrx_word' id='word_1_340' title='bbox 1456 1835 1543 1874; x_wconf 85' lang='lat' dir='ltr'>dicit,</span> <span class='ocrx_word' id='word_1_341' title='bbox 1567 1835 1700 1875; x_wconf 83' lang='lat' dir='ltr'>attinet,</span> <span class='ocrx_word' id='word_1_342' title='bbox 1732 1845 1804 1867; x_wconf 88' lang='lat' dir='ltr'>cum</span> <span class='ocrx_word' id='word_1_343' title='bbox 1830 1836 1913 1877; x_wconf 80' lang='lat' dir='ltr'>sugit</span> <span class='ocrx_word' id='word_1_344' title='bbox 1936 1846 1993 1876; x_wconf 91' lang='lat' dir='ltr'>per</span> 
     </span>
     <span class='ocr_line' id='line_1_30' title="bbox 203 1886 945 1919; baseline 0 -1"><span class='ocrx_word' id='word_1_345' title='bbox 203 1888 306 1919; x_wconf 92' lang='lat' dir='ltr'>totum</span> <span class='ocrx_word' id='word_1_346' title='bbox 330 1896 457 1919; x_wconf 91' lang='lat' dir='ltr'>carmen</span> <span class='ocrx_word' id='word_1_347' title='bbox 483 1886 600 1919; x_wconf 89' lang='lat' dir='ltr'>multos</span> <span class='ocrx_word' id='word_1_348' title='bbox 623 1886 744 1919; x_wconf 89' lang='lat' dir='ltr'>similes</span> <span class='ocrx_word' id='word_1_349' title='bbox 768 1895 945 1919; x_wconf 89' lang='lat' dir='ltr'>occurrere.</span> 
     </span>
    </p>
   </div>
   <div class='ocr_carea' id='block_1_3' title="bbox 813 1973 1371 2018">
    <p class='ocr_par' dir='ltr' id='par_1_9' title="bbox 813 1973 1371 2018">
     <span class='ocr_line' id='line_1_31' title="bbox 813 1973 1371 2018; baseline 0.007 -13"><span class='ocrx_word' id='word_1_350' title='bbox 813 1973 869 2006; x_wconf 89' lang='lat' dir='ltr'>IV.</span> <span class='ocrx_word' id='word_1_351' title='bbox 904 1974 1027 2013; x_wconf 88' lang='lat' dir='ltr'>Quarta</span> <span class='ocrx_word' id='word_1_352' title='bbox 1050 1982 1125 2013; x_wconf 85' lang='lat' dir='ltr'>pars</span> <span class='ocrx_word' id='word_1_353' title='bbox 1148 1973 1371 2018; x_wconf 85' lang='lat'>(618—694).</span> 
     </span>
    </p>
   </div>
   <div class='ocr_carea' id='block_1_4' title="bbox 363 2034 1991 2080">
    <p class='ocr_par' dir='ltr' id='par_1_10' title="bbox 363 2034 1991 2080">
     <span class='ocr_line' id='line_1_32' title="bbox 363 2034 1991 2080; baseline 0.001 -11"><span class='ocrx_word' id='word_1_354' title='bbox 363 2036 410 2070; x_wconf 92' lang='lat' dir='ltr'>De</span> <span class='ocrx_word' id='word_1_355' title='bbox 432 2036 580 2070; x_wconf 83' lang='lat' dir='ltr'>versibus</span> <span class='ocrx_word' id='word_1_356' title='bbox 603 2036 645 2069; x_wconf 90' lang='grc'>86</span> <span class='ocrx_word' id='word_1_357' title='bbox 668 2036 764 2069; x_wconf 91' lang='lat' dir='ltr'>huius</span> <span class='ocrx_word' id='word_1_358' title='bbox 786 2035 889 2077; x_wconf 87' lang='lat' dir='ltr'>partis</span> <span class='ocrx_word' id='word_1_359' title='bbox 912 2034 1055 2068; x_wconf 89' lang='lat' dir='ltr'>nonnulli</span> <span class='ocrx_word' id='word_1_360' title='bbox 1079 2035 1300 2078; x_wconf 91' lang='lat' dir='ltr'>inveniuntur,</span> <span class='ocrx_word' id='word_1_361' title='bbox 1332 2047 1467 2080; x_wconf 88' lang='lat' dir='ltr'>quorum</span> <span class='ocrx_word' id='word_1_362' title='bbox 1493 2038 1630 2071; x_wconf 85' lang='lat' dir='ltr'>maiores</span> <span class='ocrx_word' id='word_1_363' title='bbox 1659 2040 1770 2079; x_wconf 86' lang='lat' dir='ltr'>partes</span> <span class='ocrx_word' id='word_1_364' title='bbox 1796 2048 1835 2070; x_wconf 85' lang='lat' dir='ltr'>ex</span> <span class='ocrx_word' id='word_1_365' title='bbox 1858 2037 1991 2070; x_wconf 87' lang='lat' dir='ltr'>Homeri</span> 
     </span>
    </p>
   </div>
   <div class='ocr_carea' id='block_1_5' title="bbox 201 2088 1992 2446">
    <p class='ocr_par' dir='ltr' id='par_1_11' title="bbox 204 2088 989 2130">
     <span class='ocr_line' id='line_1_33' title="bbox 204 2088 989 2130; baseline -0.001 -9"><span class='ocrx_word' id='word_1_366' title='bbox 204 2089 398 2121; x_wconf 89' lang='lat' dir='ltr'>carminibus</span> <span class='ocrx_word' id='word_1_367' title='bbox 423 2093 570 2130; x_wconf 85' lang='lat' dir='ltr'>receptae</span> <span class='ocrx_word' id='word_1_368' title='bbox 594 2092 678 2121; x_wconf 89' lang='lat' dir='ltr'>sunt.</span> <span class='ocrx_word' id='word_1_369' title='bbox 725 2088 808 2121; x_wconf 87' lang='lat' dir='ltr'>Sunt</span> <span class='ocrx_word' id='word_1_370' title='bbox 832 2089 915 2121; x_wconf 88' lang='lat' dir='ltr'>enim</span> <span class='ocrx_word' id='word_1_371' title='bbox 939 2088 989 2120; x_wconf 82' lang='lat' dir='ltr'>hi:</span> 
     </span>
    </p>

    <p class='ocr_par' dir='ltr' id='par_1_12' title="bbox 201 2138 1992 2446">
     <span class='ocr_line' id='line_1_34' title="bbox 363 2138 1991 2186; baseline 0.001 -15"><span class='ocrx_word' id='word_1_372' title='bbox 363 2140 440 2182; x_wconf 92' lang='lat'>621)</span> <span class='ocrx_word' id='word_1_373' title='bbox 467 2140 622 2172; x_wconf 78' lang='grc' dir='ltr'><em>παντοίων</em></span> <span class='ocrx_word' id='word_1_374' title='bbox 647 2139 773 2182; x_wconf 83' lang='grc' dir='ltr'><em>ἀνέμων</em></span> <span class='ocrx_word' id='word_1_375' title='bbox 790 2164 797 2171; x_wconf 89' lang='grc'><em>.</em></span> <span class='ocrx_word' id='word_1_376' title='bbox 816 2163 823 2171; x_wconf 91' lang='grc'><em>.</em></span> <span class='ocrx_word' id='word_1_377' title='bbox 842 2163 848 2171; x_wconf 95' lang='grc'><em>.</em></span> <span class='ocrx_word' id='word_1_378' title='bbox 868 2164 875 2171; x_wconf 91' lang='grc'><em>.</em></span> <span class='ocrx_word' id='word_1_379' title='bbox 900 2139 993 2183; x_wconf 79' lang='grc' dir='ltr'><em>ἀῆται</em></span> <span class='ocrx_word' id='word_1_380' title='bbox 1017 2138 1056 2172; x_wconf 85' lang='lat' dir='ltr'>cf.</span> <span class='ocrx_word' id='word_1_381' title='bbox 1081 2138 1183 2171; x_wconf 86' lang='grc' dir='ltr'>Ξ254</span> <span class='ocrx_word' id='word_1_382' title='bbox 1207 2140 1374 2183; x_wconf 78' lang='grc' dir='ltr'><em>ἀργαλέων</em></span> <span class='ocrx_word' id='word_1_383' title='bbox 1398 2140 1418 2171; x_wconf 83' lang='grc' dir='ltr'><strong><em>ἀ</em></strong></span> <span class='ocrx_word' id='word_1_384' title='bbox 1423 2164 1531 2172; x_wconf 92' lang='grc'><strong>.....</strong></span> <span class='ocrx_word' id='word_1_385' title='bbox 1558 2140 1668 2184; x_wconf 76' lang='grc' dir='ltr'><em>α’ἢτας.</em></span> <span class='ocrx_word' id='word_1_386' title='bbox 1697 2159 1732 2164; x_wconf 90' lang='lat'>—-</span> <span class='ocrx_word' id='word_1_387' title='bbox 1762 2141 1840 2182; x_wconf 88' lang='lat'>624)</span> <span class='ocrx_word' id='word_1_388' title='bbox 1866 2143 1926 2186; x_wconf 76' lang='grc' dir='ltr'>νῆα</span> <span class='ocrx_word' id='word_1_389' title='bbox 1943 2142 1991 2173; x_wconf 86' lang='grc' dir='ltr'>ἐπ’</span> 
     </span>
     <span class='ocr_line' id='line_1_35' title="bbox 203 2190 1992 2237; baseline 0.001 -13"><span class='ocrx_word' id='word_1_390' title='bbox 203 2192 340 2236; x_wconf 79' lang='grc' dir='ltr'><em>ἠπείρου</em></span> <span class='ocrx_word' id='word_1_391' title='bbox 364 2192 477 2235; x_wconf 82' lang='grc' dir='ltr'><em>ἐρύσαι</em></span> <span class='ocrx_word' id='word_1_392' title='bbox 501 2193 542 2226; x_wconf 82' lang='lat' dir='ltr'>cf.</span> <span class='ocrx_word' id='word_1_393' title='bbox 568 2194 665 2226; x_wconf 77' lang='lat' dir='ltr'>n359</span> <span class='ocrx_word' id='word_1_394' title='bbox 690 2196 749 2237; x_wconf 78' lang='grc' dir='ltr'>νῆα</span> <span class='ocrx_word' id='word_1_395' title='bbox 770 2192 921 2234; x_wconf 84' lang='grc' dir='ltr'><em>μέλαιναν</em></span> <span class='ocrx_word' id='word_1_396' title='bbox 946 2191 992 2224; x_wconf 82' lang='grc' dir='ltr'>ἐπ’</span> <span class='ocrx_word' id='word_1_397' title='bbox 1017 2192 1159 2236; x_wconf 78' lang='grc' dir='ltr'><em>ἠπείροιο</em></span> <span class='ocrx_word' id='word_1_398' title='bbox 1184 2190 1334 2235; x_wconf 80' lang='grc' dir='ltr'><em>ἔρυσσαν.</em></span> <span class='ocrx_word' id='word_1_399' title='bbox 1358 2212 1400 2216; x_wconf 93' lang='lat'>—-</span> <span class='ocrx_word' id='word_1_400' title='bbox 1425 2193 1502 2234; x_wconf 89' lang='lat'>625)</span> <span class='ocrx_word' id='word_1_401' title='bbox 1527 2192 1654 2235; x_wconf 79' lang='grc' dir='ltr'><em>ἀνέμων</em></span> <span class='ocrx_word' id='word_1_402' title='bbox 1676 2193 1773 2234; x_wconf 76' lang='grc' dir='ltr'><em>μένος</em></span> <span class='ocrx_word' id='word_1_403' title='bbox 1799 2193 1896 2235; x_wconf 67' lang='grc' dir='ltr'><em>ὑγρὸν</em></span> <span class='ocrx_word' id='word_1_404' title='bbox 1922 2194 1992 2226; x_wconf 78' lang='grc' dir='ltr'><em>ἀέν-</em></span> 
     </span>
     <span class='ocr_line' id='line_1_36' title="bbox 204 2244 1991 2288; baseline 0.001 -13"><span class='ocrx_word' id='word_1_405' title='bbox 204 2245 429 2277; x_wconf 65' lang='grc' dir='ltr'><em>των-εε478</em></span> <span class='ocrx_word' id='word_1_406' title='bbox 453 2245 556 2277; x_wconf 87' lang='grc' dir='ltr'><em>τ440.</em></span> <span class='ocrx_word' id='word_1_407' title='bbox 583 2264 621 2269; x_wconf 90' lang='lat'>—</span> <span class='ocrx_word' id='word_1_408' title='bbox 650 2245 728 2286; x_wconf 82' lang='lat'>627)</span> <span class='ocrx_word' id='word_1_409' title='bbox 752 2245 833 2275; x_wconf 77' lang='grc' dir='ltr'><em>ὅπλα</em></span> <span class='ocrx_word' id='word_1_410' title='bbox 859 2244 886 2275; x_wconf 78' lang='grc' dir='ltr'>δ’</span> <span class='ocrx_word' id='word_1_411' title='bbox 911 2244 1076 2286; x_wconf 79' lang='grc' dir='ltr'><em>ἐπάρμενα</em></span> <span class='ocrx_word' id='word_1_412' title='bbox 1101 2244 1201 2275; x_wconf 81' lang='grc' dir='ltr'><em>πάντα</em></span> <span class='ocrx_word' id='word_1_413' title='bbox 1225 2244 1265 2277; x_wconf 87' lang='lat' dir='ltr'>cf.</span> <span class='ocrx_word' id='word_1_414' title='bbox 1289 2244 1392 2276; x_wconf 88' lang='grc' dir='ltr'><strong>Σ4Ο9</strong></span> <span class='ocrx_word' id='word_1_415' title='bbox 1416 2245 1497 2275; x_wconf 71' lang='grc' dir='ltr'><em>ὅπλα</em></span> <span class='ocrx_word' id='word_1_416' title='bbox 1523 2256 1557 2275; x_wconf 83' lang='grc' dir='ltr'><em>τε</em></span> <span class='ocrx_word' id='word_1_417' title='bbox 1581 2246 1693 2276; x_wconf 79' lang='grc' dir='ltr'><em>πάντα.</em></span> <span class='ocrx_word' id='word_1_418' title='bbox 1740 2245 1817 2278; x_wconf 89' lang='lat' dir='ltr'>ibid.</span> <span class='ocrx_word' id='word_1_419' title='bbox 1844 2249 1910 2288; x_wconf 72' lang='grc' dir='ltr'>τεῷ</span> <span class='ocrx_word' id='word_1_420' title='bbox 1934 2246 1991 2277; x_wconf 81' lang='grc' dir='ltr'><em>ἐνι-</em></span> 
     </span>
     <span class='ocr_line' id='line_1_37' title="bbox 203 2295 1992 2340; baseline 0.001 -13"><span class='ocrx_word' id='word_1_421' title='bbox 203 2295 321 2328; x_wconf 72' lang='grc' dir='ltr'><em>κάτθεο</em></span> <span class='ocrx_word' id='word_1_422' title='bbox 345 2296 408 2340; x_wconf 54' lang='grc' dir='ltr'><em>οἴκ,</em></span> <span class='ocrx_word' id='word_1_423' title='bbox 441 2310 483 2324; x_wconf 92' lang='lat'><strong><em>=</em></strong></span> <span class='ocrx_word' id='word_1_424' title='bbox 499 2296 602 2329; x_wconf 84' lang='grc' dir='ltr'>Ξ219</span> <span class='ocrx_word' id='word_1_425' title='bbox 627 2296 772 2339; x_wconf 78' lang='grc' dir='ltr'>(κόλπῳ).</span> <span class='ocrx_word' id='word_1_426' title='bbox 797 2316 838 2320; x_wconf 91' lang='lat'><em>-</em></span> <span class='ocrx_word' id='word_1_427' title='bbox 869 2297 946 2338; x_wconf 88' lang='grc'>631)</span> <span class='ocrx_word' id='word_1_428' title='bbox 970 2297 1018 2328; x_wconf 77' lang='grc' dir='ltr'><em>καὶ</em></span> <span class='ocrx_word' id='word_1_429' title='bbox 1042 2296 1112 2328; x_wconf 74' lang='grc' dir='ltr'><em>τότε</em></span> <span class='ocrx_word' id='word_1_430' title='bbox 1137 2298 1196 2340; x_wconf 78' lang='grc' dir='ltr'>νῆα</span> <span class='ocrx_word' id='word_1_431' title='bbox 1220 2295 1300 2340; x_wconf 74' lang='grc' dir='ltr'><em>θοὴν</em></span> <span class='ocrx_word' id='word_1_432' title='bbox 1324 2295 1414 2327; x_wconf 76' lang='grc' dir='ltr'><em>ἅλαδ’</em></span> <span class='ocrx_word' id='word_1_433' title='bbox 1438 2295 1567 2338; x_wconf 78' lang='grc' dir='ltr'><em>ἑλκέμεν</em></span> <span class='ocrx_word' id='word_1_434' title='bbox 1584 2296 1624 2330; x_wconf 84' lang='lat' dir='ltr'>cf.</span> <span class='ocrx_word' id='word_1_435' title='bbox 1648 2295 1728 2328; x_wconf 86' lang='grc' dir='ltr'>Ξ97</span> <span class='ocrx_word' id='word_1_436' title='bbox 1758 2299 1835 2340; x_wconf 76' lang='grc' dir='ltr'><em>νῆας</em></span> <span class='ocrx_word' id='word_1_437' title='bbox 1861 2297 1992 2329; x_wconf 82' lang='grc' dir='ltr'><em>ἐυσσέλ-</em></span> 
     </span>
     <span class='ocr_line' id='line_1_38' title="bbox 201 2346 1990 2393; baseline 0.002 -14"><span class='ocrx_word' id='word_1_438' title='bbox 201 2359 283 2390; x_wconf 82' lang='grc' dir='ltr'><em>μους</em></span> <span class='ocrx_word' id='word_1_439' title='bbox 307 2346 405 2380; x_wconf 77' lang='grc' dir='ltr'><em>ἅλαδ’</em></span> <span class='ocrx_word' id='word_1_440' title='bbox 431 2349 569 2390; x_wconf 77' lang='grc' dir='ltr'><em>ἑλκέμεν.</em></span> <span class='ocrx_word' id='word_1_441' title='bbox 609 2349 711 2390; x_wconf 82' lang='grc' dir='ltr'><em>β389</em></span> <span class='ocrx_word' id='word_1_442' title='bbox 736 2350 783 2380; x_wconf 76' lang='grc' dir='ltr'><em>καὶ</em></span> <span class='ocrx_word' id='word_1_443' title='bbox 808 2349 879 2381; x_wconf 73' lang='grc' dir='ltr'><em>τότε</em></span> <span class='ocrx_word' id='word_1_444' title='bbox 904 2351 964 2392; x_wconf 74' lang='grc' dir='ltr'>νῆα</span> <span class='ocrx_word' id='word_1_445' title='bbox 988 2348 1068 2393; x_wconf 71' lang='grc' dir='ltr'><em>θοὴν</em></span> <span class='ocrx_word' id='word_1_446' title='bbox 1092 2348 1182 2380; x_wconf 76' lang='grc' dir='ltr'><em>ἅλαδ’</em></span> <span class='ocrx_word' id='word_1_447' title='bbox 1207 2348 1324 2390; x_wconf 85' lang='grc' dir='ltr'><em>εἴρυσε.</em></span> <span class='ocrx_word' id='word_1_448' title='bbox 1350 2367 1391 2371; x_wconf 91' lang='lat'>—</span> <span class='ocrx_word' id='word_1_449' title='bbox 1416 2349 1493 2390; x_wconf 87' lang='lat'>650)</span> <span class='ocrx_word' id='word_1_450' title='bbox 1518 2349 1662 2380; x_wconf 81' lang='grc' dir='ltr'><em>ἐπέπλων</em></span> <span class='ocrx_word' id='word_1_451' title='bbox 1688 2349 1786 2391; x_wconf 76' lang='grc' dir='ltr'><em>εὐρέα</em></span> <span class='ocrx_word' id='word_1_452' title='bbox 1811 2350 1925 2381; x_wconf 74' lang='grc' dir='ltr'><em>πόντον</em></span> <span class='ocrx_word' id='word_1_453' title='bbox 1950 2352 1990 2382; x_wconf 84' lang='lat' dir='ltr'>cf.</span> 
     </span>
     <span class='ocr_line' id='line_1_39' title="bbox 204 2400 1992 2446; baseline 0.001 -14"><span class='ocrx_word' id='word_1_454' title='bbox 204 2400 305 2433; x_wconf 89' lang='grc' dir='ltr'>Ζ291</span> <span class='ocrx_word' id='word_1_455' title='bbox 332 2400 470 2439; x_wconf 86' lang='grc' dir='ltr'><em>ἐπίπλως</em></span> <span class='ocrx_word' id='word_1_456' title='bbox 494 2401 592 2446; x_wconf 75' lang='grc' dir='ltr'><em>εὐρέα</em></span> <span class='ocrx_word' id='word_1_457' title='bbox 617 2401 741 2434; x_wconf 76' lang='grc' dir='ltr'><em>πόντον.</em></span> <span class='ocrx_word' id='word_1_458' title='bbox 779 2421 818 2426; x_wconf 88' lang='grc'><strong>-</strong></span> <span class='ocrx_word' id='word_1_459' title='bbox 859 2402 937 2444; x_wconf 86' lang='grc'>657)</span> <span class='ocrx_word' id='word_1_460' title='bbox 963 2401 1073 2445; x_wconf 84' lang='grc' dir='ltr'><em>φέρειν</em></span> <span class='ocrx_word' id='word_1_461' title='bbox 1098 2400 1218 2445; x_wconf 80' lang='grc' dir='ltr'><em>τρίποδ’</em></span> <span class='ocrx_word' id='word_1_462' title='bbox 1242 2401 1393 2433; x_wconf 80' lang='grc' dir='ltr'><em>ὠτώεντα</em></span> <span class='ocrx_word' id='word_1_463' title='bbox 1418 2400 1457 2434; x_wconf 83' lang='lat' dir='ltr'>cs.</span> <span class='ocrx_word' id='word_1_464' title='bbox 1487 2400 1588 2434; x_wconf 64' lang='lat' dir='ltr'>‘Jf513</span> <span class='ocrx_word' id='word_1_465' title='bbox 1614 2400 1734 2444; x_wconf 77' lang='grc' dir='ltr'><em>τρίποδ’</em></span> <span class='ocrx_word' id='word_1_466' title='bbox 1758 2401 1911 2434; x_wconf 80' lang='grc' dir='ltr'><em>ὠτώεντα</em></span> <span class='ocrx_word' id='word_1_467' title='bbox 1936 2403 1992 2445; x_wconf 82' lang='grc' dir='ltr'>φέ-</span> 
     </span>
    </p>
   </div>
   <div class='ocr_carea' id='block_1_6' title="bbox 204 2479 410 2485">
    <p class='ocr_par' dir='ltr' id='par_1_13' title="bbox 204 2479 410 2485">
     <span class='ocr_line' id='line_1_40' title="bbox 204 2479 410 2485; baseline 0 0"><span class='ocrx_word' id='word_1_468' title='bbox 204 2479 410 2485; x_wconf 95' lang='lat' dir='ltr'> </span> 
     </span>
    </p>
   </div>
   <div class='ocr_carea' id='block_1_7' title="bbox 361 2520 1834 2598">
    <p class='ocr_par' dir='ltr' id='par_1_14' title="bbox 361 2520 1834 2598">
     <span class='ocr_line' id='line_1_41' title="bbox 361 2520 854 2559; baseline 0.002 -10"><span class='ocrx_word' id='word_1_469' title='bbox 361 2522 396 2559; x_wconf 73' lang='lat'>1⁸)</span> <span class='ocrx_word' id='word_1_470' title='bbox 416 2520 449 2551; x_wconf 91' lang='lat' dir='ltr'>de</span> <span class='ocrx_word' id='word_1_471' title='bbox 468 2522 553 2550; x_wconf 84' lang='lat' dir='ltr'>Arist.</span> <span class='ocrx_word' id='word_1_472' title='bbox 573 2523 645 2551; x_wconf 81' lang='lat' dir='ltr'>stud.</span> <span class='ocrx_word' id='word_1_473' title='bbox 663 2522 754 2551; x_wconf 69' lang='grc' dir='ltr'>Ιιοῑιι.9</span> <span class='ocrx_word' id='word_1_474' title='bbox 772 2531 798 2559; x_wconf 91' lang='lat' dir='ltr'>p.</span> <span class='ocrx_word' id='word_1_475' title='bbox 812 2525 854 2552; x_wconf 79' lang='lat'>94.</span> 
     </span>
     <span class='ocr_line' id='line_1_42' title="bbox 1816 2572 1834 2598; baseline 0 0"><span class='ocrx_word' id='word_1_476' title='bbox 1816 2572 1834 2598; x_wconf 80' lang='lat'><strong>3</strong></span> 
     </span>
    </p>
   </div>
  </div>
 </body>
</html>
