2384 3049
1109 293 1306 324 -6-

313 386 344 418 M
356 386 433 418 202.
458 406 499 410 -
525 386 603 426 206)
629 386 709 428 πρὸς
729 384 837 427 μῦθον
861 385 947 418 ἔειπε
972 386 999 417 Ε
1010 385 1074 418 632
1091 387 1175 420 etc.“
1201 406 1239 410 -
1266 387 1344 427 207)
1369 385 1513 428 δαιμονίη
1539 386 1637 418 ,4561
1669 386 1766 418 Τ399
1783 386 1871 419 etc.‘
1892 404 1929 408 -
1957 386 2036 427 211)
2059 385 2109 417 ἄλ-

312 450 371 479 γεα
394 435 510 482 πα’σχει
539 436 673 469 Υ297“.
697 455 740 460 —
765 437 845 478 212)
869 436 916 474 ὣς
940 436 1034 480 ἔφατ’
1061 437 1100 470 cf.
1125 438 1167 471 ad
1189 448 1217 471 v.
1235 439 1287 471 59.
1312 456 1353 462 —
1377 438 1453 471 ibid.
1471 436 1699 480 τανυσίπτερος
1715 436 1802 480 ὄρνις
1818 436 1858 470 cf.
1884 436 1954 469 ⁶65
1979 435 2110 479 ὄρνιθες

312 489 543 532 τανυσίπτεροι.
585 507 622 511 -—
671 488 750 530 229)
775 488 920 530 εὐρύοπα
945 489 1028 526 Ζεύς
1053 489 1080 520 Ε
1091 490 1154 522 265
1181 491 1281 523 8442
1303 491 1320 522 Ι
1328 491 1401 523 419.
1427 490 1490 522 682
1515 490 1599 522 etc-⁸
1644 508 1687 513 —
1733 490 1812 531 237)
1837 489 1930 533 φέρει
1954 487 2111 532 ζείδωρος

311 541 438 584 ἄρουρα
462 542 557 574 6229
581 541 620 575 cf.
645 542 685 574 ad
711 551 740 573 v.
761 542 834 573 117.
857 560 901 565 —-
925 542 1003 584 238)
1028 542 1154 587 σχέτλια
1179 542 1259 586 ἔγρα
1283 543 1322 577 cf.
1346 544 1387 577 ad
1412 553 1441 575 v.
1461 543 1533 574 124.
1560 561 1598 584 —.
1623 543 1702 584 239)
1727 543 1871 586 εὐρύοπα
1895 542 1979 580 Ζεύς
2002 541 2043 576 cf.
2067 541 2109 574 ad

274 628 280 633 ⁴
309 604 336 625 v.
362 594 459 625 229⁴.
488 611 530 616 -
560 593 639 634 240)
664 593 796 637 ἀπηύρα
820 603 931 626 omnes
956 594 1077 627 formae
1101 596 1192 629 verbi
1216 593 1376 638 ἀπαυράω
1399 596 1433 628 in
1457 595 1519 627 fine
1542 604 1655 627 versus
1678 595 1885 636 reperiuntur
1908 594 2109 636 (saepissime

308 645 339 678 in
364 644 503 678 formula
527 645 630 687 θυμὸν
655 645 800 690 ἀπηύρα)
832 649 965 687 praeter
991 647 1091 679 A430
1115 651 1148 681 et
1171 648 1275 680 3646.
1331 666 1371 671 —-
1429 647 1507 689 242)
1529 645 1612 689 μέγα
1637 648 1727 691 πῆμα
1756 646 1787 678 Ζ
1801 646 1866 679 282
1898 646 1995 679 1229
2024 645 2108 679 Ρ99

306 699 418 740 β163.
444 717 483 722 —
518 699 596 740 245)
621 698 735 731 ἄλλοτε
759 698 786 730 δ’
812 697 890 731 αὖτε
914 699 1054 733 Σ159“.
1082 720 1118 723 -
1145 701 1224 735 ibid.
1250 701 1354 745 Ζηνὸς
1373 698 1536 742 Ὀλυμπίου
1562 699 1671 732 6131.
1704 718 1746 723 -——
1781 700 1860 741 249)
1883 699 1976 741 ἐγγὺς
1998 695 2109 736 ἐόντες

311 751 332 788 ζ
340 751 405 783 484
430 750 523 793 ἐγγὺς
540 776 547 784 .
566 777 573 784 .
591 776 598 784 .
616 777 624 784 .
649 749 754 785 ἐόντα.
779 770 821 775 -
851 752 930 795 252)
955 752 1004 785 ἐπὶ
1022 751 1118 798 χθονὶ
1142 752 1377 797 πουλυβοτείρῃ
1402 751 1433 784 Γ
1438 752 1480 785 89
1505 750 1544 785 cf.
1568 751 1610 784 ad
1635 761 1664 784 v.
1692 752 1765 784 157.
1801 769 1844 775 —-
1879 751 1957 793 253)
1980 749 2109 795 θνητῶν

307 801 493 845 ἀνθρώπων
510 804 551 837 cf.
568 804 612 836 ad
628 814 658 836 v.
677 804 750 837 139.
775 823 818 828 —
842 804 920 846 254)
946 805 1072 848 σχέτλια
1096 804 1176 848 ἔργα
1192 805 1231 838 cf.
1247 805 1289 838 ad
1307 815 1336 838 v.
1353 805 1416 837 238
1427 805 1454 822 ⁵·
1479 822 1520 828 --
1544 804 1622 845 255)
1647 803 1700 835 ἐπ’
1725 803 1797 835 αἶαν
1820 803 1860 837 cf.
1877 803 1919 836 ad
1934 813 1963 836 v.
1983 803 2107 836 125.—

307 855 386 895 268)
412 854 488 886 ου’ὃέ
512 855 528 886 ἑ
551 853 645 899 λήθει
676 854 812 887 Ψ323“.
844 874 885 879 --
925 856 1004 897 269)
1029 855 1118 893 ἐντὸς
1142 855 1249 898 ἐέργει
1272 857 1301 888 Β
1315 857 1412 888 617“.
1459 873 1499 880 --
1546 855 1624 897 273)
1648 854 1705 887 Δία
1729 854 1977 898 τερπικέραυνον
2001 854 2034 886 Π
2043 854 2107 887 232

308 917 338 939 v.
364 907 439 940 75⁵.
464 925 505 931 —
531 906 611 948 281)
636 907 781 949 εὐρύοπα
806 907 891 944 Ζεύς
915 907 954 941 cf.
980 908 1021 941 ad
1045 918 1074 941 v.
1100 908 1174 941 229.
1205 927 1246 933 —
1286 910 1363 951 282)
1387 908 1534 951 ἐπίορκον
1557 906 1701 951 ὀμόσσας
1730 908 1829 940 Τ260
1852 906 2007 951 (ὀμόσσῃ)
2017 907 2042 939 “.
2064 925 2107 932 -

465 959 533 992 Iam
563 958 592 991 si
617 958 765 992 volumus
788 958 989 1001 significare,
1017 969 1176 1000 quaenam
1200 962 1283 994 ratio
1306 961 1392 995 inter
1414 962 1495 994 hanc
1518 965 1643 1003 partem
1666 961 1770 994 nostri
1793 960 1946 994 carminis
1976 962 2009 994 et
2040 968 2107 993 car-

306 1013 394 1046 mina
417 1012 582 1046 homerica
604 1012 803 1053 intercedat,
835 1012 994 1054 imprimis
1017 1023 1056 1047 ex
1078 1014 1229 1048 instituto
1251 1018 1362 1048 nostro
1385 1015 1415 1048 ei
1438 1024 1551 1048 versus
1574 1013 1766 1048 numerandi
1788 1015 1881 1053 sunt,
1912 1013 1968 1055 qui
1990 1015 2108 1048 exeant

306 1066 341 1098 in
363 1064 571 1099 hemistichia
594 1064 645 1097 vel
669 1064 824 1098 formulas
848 1065 1043 1098 homericas:
1081 1075 1162 1107 quos
1185 1075 1287 1107 paene
1311 1066 1477 1100 dimidium
1501 1066 1628 1107 explere
1651 1065 1818 1099 videmus..
1853 1066 2005 1098 Attamen
2034 1073 2107 1098 cum

304 1117 491 1151 accuratius
521 1118 736 1158 inquirerem,
766 1117 910 1150 intellexi
934 1117 1173 1150 memorabilem
1197 1117 1281 1150 hanc
1305 1117 1516 1150 imitationem
1539 1127 1602 1151 non
1625 1116 1740 1159 quavis
1760 1119 1856 1158 parte
1879 1118 2003 1150 tantam
2026 1125 2113 1155 esse,-

306 1170 363 1204 sed
387 1171 524 1205 maxime
549 1170 690 1213 conspici
714 1171 747 1204 in
771 1171 877 1204 media
899 1174 1002 1213 parte.
1027 1189 1068 1194 ——
1092 1171 1136 1204 Et
1159 1179 1260 1214 quum
1280 1171 1348 1212 jam
1372 1169 1429 1203 diu
1452 1179 1472 1204 a
1494 1170 1571 1203 viris
1595 1169 1697 1203 doctis
1726 1169 1909 1203 dubitatum
1939 1169 2000 1209 sit,
2030 1177 2107 1203 num

305 1233 418 1256 omnes
442 1225 473 1255 hi
500 1233 612 1256 versus
636 1224 676 1256 ab
701 1233 764 1256 uno
789 1224 965 1263 eodemque
989 1227 1084 1264 poeta
1108 1224 1175 1255 sint
1198 1223 1378 1262 compositi,
1402 1233 1488 1255 nunc
1505 1223 1574 1263 jam
1598 1232 1662 1254 non
1686 1222 1812 1260 dubito,
1842 1221 1918 1262 quin
1942 1221 2107 1261 complura

305 1276 448 1309 carmina
470 1275 504 1308 in
528 1275 624 1308 unius
648 1275 785 1316 speciem
810 1275 875 1308 sint
898 1278 1018 1308 coacta.
1054 1275 1147 1313 Quae·
1168 1275 1252 1307 enim
1277 1274 1352 1307 inde
1374 1284 1395 1306 a
1418 1283 1515 1306 versu
1538 1273 1580 1305 42
1604 1282 1707 1314 usque
1729 1272 1771 1305 ad
1795 1282 1824 1304 v.
1841 1272 1904 1304 202
1922 1275 2105 1312 narrantur,

305 1337 344 1360 ea
366 1337 439 1360 cum
463 1328 578 1361 ceteris
603 1337 664 1360 non
690 1337 761 1360 esse
785 1337 866 1360 nexa
889 1327 962 1368 quis
986 1330 1036 1360 est
1058 1327 1136 1367 quin
1160 1327 1290 1360 videat?
1324 1328 1366 1359 At
1389 1336 1452 1359 non
1477 1326 1549 1359 dico
1572 1326 1652 1358 istos
1668 1334 1782 1358 versus
1797 1325 2008 1366 interpolatos
2023 1334 2104 1365 esse,

303 1380 361 1412 sed
385 1379 579 1420 compositos
602 1389 674 1411 esse
698 1389 762 1411 non
785 1380 826 1411 ab
851 1379 964 1411 eodem
987 1383 1100 1420 poeta,
1132 1379 1188 1419 qui
1212 1378 1392 1419 composuit
1416 1377 1556 1418 reliquas
1580 1380 1708 1418 partes,
1740 1385 1821 1416 quas
1851 1377 1938 1409 inter
1967 1386 2004 1410 se
2033 1386 2105 1410 esse

305 1432 492 1473 conjunctas
510 1431 706 1474 Steitzius⁶)·
717 1442 788 1465 mea
804 1431 934 1473 quidem
950 1431 1099 1473 opinione
1116 1435 1203 1466 recte
1219 1430 1463 1465 demonstravit.
1498 1429 1535 1463 In
1552 1429 1616 1463 illis
1632 1433 1741 1463 autem
1757 1428 1906 1463 versibus
1923 1428 2104 1472 (41-202)

304 1485 386 1518 adeo
401 1485 532 1518 Homeri
554 1486 725 1519 dictionem
750 1495 935 1526 expressam
960 1495 1031 1518 esse
1055 1485 1210 1524 videmus,
1235 1488 1272 1517 ut
1295 1484 1368 1525 plus
1390 1492 1487 1523 quam
1511 1482 1643 1515 dimidia
1666 1491 1741 1523 pars
1764 1482 1879 1515 horum
1902 1491 2054 1515 versuum
2070 1482 2104 1515 in

304 1537 508 1571 homistichia
532 1538 581 1570 vel
605 1537 760 1571 formulas
784 1537 966 1572 homerieas
990 1538 1116 1571 desinat
1140 1538 1193 1579 (ex
1217 1547 1265 1576 vv.
1286 1536 1348 1568 160
1366 1545 1477 1568 versus
1495 1535 1561 1577 85).
1579 1554 1620 1558 —
1645 1536 1760 1577 Itaque
1775 1545 1841 1568 non
1857 1537 1907 1567 est
1922 1534 2104 1568 mirandum

303 1590 390 1630 quod
414 1590 522 1623 omnia
546 1589 701 1623 vocabula
723 1593 854 1632 praeter
878 1589 1121 1630 duodetriginta
1138 1591 1205 1631 jam
1228 1590 1315 1631 apud
1339 1589 1517 1622 Homerum
1540 1587 1790 1628 inveniuntur.⁷)

463 1641 572 1684 Longe
585 1641 650 1675 alia
663 1645 845 1676 ceterorum
860 1651 1011 1675 versuum
1031 1641 1115 1675 ratio
1135 1645 1193 1675 est.
1230 1641 1381 1676 Continet
1397 1651 1435 1676 ea
1451 1651 1526 1684 pars
1545 1641 1606 1675 125
1623 1650 1737 1675 versus
1754 1641 1887 1683 (1-41,
1904 1640 2104 1683 202-285),

307 1705 445 1737 quorum
471 1699 598 1729 tantum
616 1696 732 1729 tertius
749 1697 886 1737 quisque
903 1696 935 1728 in
952 1695 1120 1729 formulam
1137 1696 1331 1729 homericam
1349 1695 1541 1728 terminatur
1557 1695 1610 1737 (ex
1628 1695 1689 1727 125
1706 1694 1854 1728 versibus
1869 1695 1938 1736 41).
1972 1695 2104 1729 Accedit

304 1749 389 1789 quod
414 1751 543 1781 exstant
566 1748 609 1780 40
632 1749 790 1781 vocabula
813 1759 877 1781 non
901 1749 1072 1788 homerica,
1095 1757 1179 1788 quae
1203 1748 1312 1781 statim
1337 1748 1452 1788 affero,
1477 1758 1516 1781 ne
1540 1749 1612 1790 quis
1635 1748 1813 1786 existimet,
1841 1749 1994 1789 majorem
2018 1748 2103 1781 hunc

304 1810 415 1833 eorum
440 1810 608 1834 numerum
633 1811 671 1833 ex
695 1801 867 1834 insolentia
890 1801 1029 1841 quadam
1054 1801 1245 1842 argumenti,
1269 1811 1364 1842 quam
1389 1806 1496 1835 tamen
1514 1803 1544 1834 in
1563 1805 1673 1836 nostro
1689 1803 1830 1836 carmine
1846 1813 1909 1836 non
1924 1803 2016 1844 parvi
2032 1813 2103 1837 esse

305 1853 458 1885 momenti
472 1854 539 1893 Jam
557 1856 692 1892 constat,
711 1854 873 1894 consequi.
911 1853 994 1885 Sunt
1008 1854 1092 1885 enim
1110 1854 1205 1886 haec:
1231 1854 1264 1895 2)
1289 1855 1471 1896 ὑμνείουσαι
1495 1855 1528 1895 3)
1545 1854 1662 1897 ἅφατοι
1679 1855 1756 1888 ibid.
1774 1855 1871 1898 φατοί
1890 1856 1924 1896 5)
1938 1853 2101 1898 βριάοντα

310 1904 364 1946 13)
389 1904 576 1949 ἐπιμωμητή
602 1905 658 1946 20)
684 1904 852 1947 ἀπάλαμον
876 1905 931 1946 23)
957 1906 1047 1950 ζηλοῖ
1067 1906 1122 1947 28)
1148 1906 1344 1952 κακόχαρτος
1374 1907 1429 1948 29)
1454 1905 1611 1940 ἐπακουόν
1641 1907 1698 1949 30)
1721 1907 1793 1952 ὥρη
1823 1907 1879 1949 32)
1904 1907 2025 1951 ὡραῖος
2048 1908 2100 1941 39.

306 1958 380 1990 219.
407 1958 485 1999 262)
510 1955 729 2000 δωροφάγους
758 1958 814 1999 31)
836 1959 965 2002 μαλάχῃ
996 1958 1072 2000 201)
1097 1957 1230 2003 ἀηδόνα.
1256 1959 1330 1993 ibid.
1356 1959 1595 2002 ποικιλόδειρον.
1630 1959 1708 2002 205)
1734 1957 1822 1992 ἐλεόν
1851 1961 1930 2002 211)
1955 1961 2101 2003 στέρεται

307 2011 386 2052 217)
405 2010 568 2054 ὑπερίσχει
593 2010 670 2051 220)
685 2009 791 2053 ῥόθος
815 2011 893 2051 225)
918 2010 1080 2055 ἐνδήμοισι
1104 2012 1182 2053 226)
1208 2012 1455 2054 παρεκβαίνουσι
1480 2013 1557 2054 230)
1575 2012 1733 2056 ἷθυδίκῃσι
1756 2013 1835 2053 232)
1851 2012 1923 2054 βίον
1947 2013 2025 2055 234)
2049 2026 2101 2045 κα-

306 2062 525 2104 ταβεβρίθασι
549 2063 626 2095 ibid.
648 2063 781 2104 μαλλοῖς
805 2063 883 2104 236)
908 2060 1082 2095 θάλλουσιν
1106 2064 1184 2105 240)
1209 2065 1339 2108 ἀπηύρα
1365 2083 1401 2088 -
1429 2066 1525 2106 hujus
1549 2066 1639 2098 verbi
1663 2066 1747 2098 enim
1771 2066 1859 2099 notio
1883 2065 1969 2107 apud
1986 2066 2101 2099 Hesio·

305 2115 381 2164 duin
405 2118 456 2148 est
481 2115 544 2147 alia
569 2118 667 2156 atque
691 2115 776 2156 apud
802 2115 976 2148 Homerum
999 2135 1030 2137 --—·
1061 2117 1138 2157 241)
1163 2117 1326 2160 ἀλιτραίνῃ
1351 2118 1429 2158 245)
1454 2117 1721 2160 φραδμοσύνῃσιν
1745 2118 1823 2159 248)
1847 2115 2100 2161 καταφράζεσθε

304 2168 382 2209 252)
404 2167 513 2210 μύριοι
538 2167 616 2208 258)
641 2166 805 2204 ὀνοτάζων
829 2167 907 2208 260)
932 2168 1068 2212 γηρύετε
1092 2169 1169 2201 ibid.
1194 2168 1302 2200 ἄδικον
1325 2169 1403 2210 268)
1429 2169 1628 2212 ἐπιδέρκεται
1651 2169 1729 2210 276)
1755 2167 1849 2211 νόμον
1872 2169 1949 2203 ibid.
1973 2169 2100 2206 διέταξε

303 2220 383 2262 281)
409 2221 562 2265 νήκεστον
587 2220 666 2262 285)
692 2220 828 2263 εὐόρκου
853 2220 931 2262 284)
956 2220 1173 2264 ἀμαυροτέρη.

459 2327 483 2359 ⁶)
503 2326 572 2353 »Die
592 2325 696 2352 Werke
716 2325 772 2352 und
792 2326 868 2359 Tage
888 2325 936 2352 des
956 2326 1093 2354 Hesiodus
1112 2329 1164 2353 etc.
1183 2333 1237 2352 von
1256 2325 1304 2352 Dr.
1324 2326 1434 2359 August
1453 2325 1539 2353 Steitz
1558 2326 1671 2360 Lipsiae
1694 2328 1769 2354 1869.

459 2371 482 2401 ⁷)
501 2369 616 2397 Hesiodi
641 2369 777 2397 vocabula
803 2378 856 2397 non
881 2369 1021 2397 homerica
1046 2370 1157 2405 collegit
1181 2370 1356 2397 Hermannus
1381 2369 1515 2398 Fietkau:
1548 2370 1582 2397 de
1605 2370 1756 2398 carminum
1780 2370 1982 2400 Hesiodeorum
2012 2375 2096 2407 atquo

301 2414 462 2449 hymnorum
484 2417 604 2449 quatuor
622 2422 786 2449 magnorum
806 2414 947 2441 vocabulis
965 2423 1020 2442 non
1039 2414 1193 2442 homericis.
1231 2413 1390 2448 Regimenti
1412 2415 1486 2441 1866.

459 2459 501 2485 De
521 2458 616 2485 eadem
636 2467 666 2485 re
685 2458 795 2492 scripsit
814 2458 918 2485 Paulus
938 2458 1100 2485 Schneider:
1129 2458 1163 2485 de
1184 2458 1338 2485 elocutione
1357 2457 1496 2485 Hesiodea
1509 2458 1630 2485 Berolini
1651 2460 1726 2491 1871.
1755 2462 1783 2486 et
1802 2460 1842 2487 ita
1861 2460 1972 2494 quidem
1992 2463 2023 2487 ut
2040 2460 2095 2494 pri-

301 2510 375 2529 mum
394 2502 428 2530 de
447 2502 588 2529 vocabulis
608 2502 716 2529 omnino
736 2502 822 2537 novis,
842 2505 900 2529 tum
920 2501 954 2529 de
974 2502 1114 2530 vocabulis
1134 2502 1246 2530 notione
1265 2501 1300 2528 ab
1320 2501 1440 2529 Homero
1461 2501 1681 2537 discrepantibus
1700 2502 1836 2530 disseruit.
