2327 3020
161 919 336 989 Quatenus
373 938 504 973 Hesiodi
540 938 678 972 elocutio
716 939 746 971 in
784 938 957 980 theogonia
994 938 1034 971 ab
1071 938 1211 980 exemplo
1241 936 1371 970 Homeri
1403 936 1543 979 pendeat
1578 936 1693 969 abhinc
1710 936 1850 974 duobus
1879 936 1945 969 fere

157 995 251 1029 annis
274 993 501 1027 dissertatione
524 1002 596 1026 mea
619 993 665 1026 ita
687 993 802 1026 docere
826 996 960 1026 conatus
984 1001 1064 1031 sum,
1088 994 1124 1023 ut
1147 990 1283 1032 primum
1308 992 1387 1031 quot
1411 998 1539 1028 versus,
1562 988 1765 1021 hemistichia
1789 989 1945 1022 formulae

158 1048 199 1079 ad
221 1047 384 1087 exemplar
406 1046 606 1086 quorundam
629 1046 873 1078 Homericorum
898 1045 1095 1076 conformata
1119 1046 1225 1074 essent
1249 1042 1512 1080 demonstrarem,
1537 1041 1652 1072 deinde
1677 1041 1715 1072 de
1740 1041 1945 1081 digammatis

159 1098 304 1140 vestigiis
327 1097 527 1138 dissererem,
548 1100 719 1138 postremo,
743 1105 825 1137 quae
848 1096 888 1129 ab
912 1106 974 1130 usu
997 1095 1165 1130 Homerico
1188 1095 1338 1129 recedere
1362 1094 1551 1128 viderentur
1573 1103 1786 1128 numerarem.

316 1151 405 1189 Quae
428 1150 612 1183 dissertatio
636 1159 735 1190 quum
759 1149 936 1190 paullulum
960 1150 1080 1189 aliquid
1105 1149 1144 1181 ad
1169 1150 1388 1188 quaestionem
1412 1158 1495 1189 quae
1519 1151 1569 1180 est
1593 1148 1633 1180 de
1664 1149 1859 1181 carminibus
1884 1148 1946 1180 He-

158 1202 276 1236 siodeis
300 1201 537 1235 diiudicandam
563 1201 678 1234 afferre
701 1201 863 1241 videatur,
893 1201 1005 1234 eodem
1035 1202 1128 1233 modo
1160 1201 1199 1233 de
1230 1200 1355 1233 duobus
1385 1200 1500 1232 ceteris
1531 1199 1745 1242 carminibus,
1775 1209 1857 1241 quae
1887 1201 1946 1233 sub

157 1255 290 1290 Hesiodi
313 1255 441 1289 nomine
464 1254 742 1295 circumferuntur,
767 1257 908 1288 tractare
930 1255 1021 1288 nobis
1045 1264 1128 1287 nunc
1150 1253 1351 1296 propositum
1376 1257 1435 1287 est.

315 1309 428 1349 Neque
451 1311 488 1340 ut
510 1307 633 1340 Flachii
657 1308 847 1339 sententiam
872 1307 991 1348 ubique
1014 1307 1119 1339 vivum
1144 1306 1305 1347 digamma
1328 1315 1399 1338 esse
1422 1307 1659 1346 agnoscendum
1690 1307 1832 1339 refellam
1857 1317 1947 1348 prae-

157 1362 280 1395 fatione
303 1360 380 1393 mihi
404 1369 484 1401 opus
508 1363 558 1393 est
574 1378 615 1383 —
632 1369 705 1392 nam
729 1360 886 1392 erravisse
902 1358 1066 1392 Flachium
1090 1359 1168 1391 satis
1192 1359 1429 1392 demonstrasse
1452 1358 1529 1391 mihi
1554 1359 1699 1401 vide0r1)
1716 1378 1759 1383 —
1775 1360 1831 1392 sed
1848 1370 1946 1402 quum

158 1414 341 1455 nuperrime
363 1413 514 1454 Aloysius
538 1412 647 1445 Rzach
671 1415 703 1444 et
726 1412 756 1444 in
781 1411 1022 1452 quaestionibus
1045 1411 1112 1443 suis
1135 1410 1305 1443 Hesiodeis
1329 1413 1362 1443 et
1384 1411 1415 1442 in
1445 1411 1712 1444 commentatione
1743 1412 1782 1444 de
1813 1412 1949 1445 dialecto

160 1464 296 1499 Hesiodi
320 1466 442 1498 inserta
465 1465 596 1497 Diurnis
612 1464 892 1503 Fleckeisenianis‚
916 1473 998 1505 quae
1018 1462 1253 1496 inscribuntur:
1291 1462 1514 1495 »Jahrbficher
1537 1462 1590 1495 fur
1612 1462 1785 1496 classische
1809 1462 1949 1496 Philolo-

158 1517 228 1559 gie«
254 1518 315 1550 vol.
340 1517 413 1549 add.
440 1516 519 1548 VIII
542 1527 573 1557 p.
597 1517 660 1548 377
669 1515 794 1548 —388.
817 1516 1024 1556 comprobare
1048 1517 1181 1548 conatus
1211 1515 1254 1546 sit
1277 1514 1405 1547 easdem
1429 1515 1534 1555 leges,
1565 1524 1645 1555 quas
1675 1515 1714 1547 de
1746 1516 1950 1556 digammatis

160 1570 190 1602 vi
219 1572 316 1611 atque
345 1578 405 1602 usu
435 1569 520 1611 apud
544 1568 719 1602 Homerum
749 1569 856 1602 valere
884 1568 1004 1609 optime
1032 1568 1142 1600 docuit
1169 1567 1220 1599 vir
1247 1566 1487 1600 eruditissimus
1511 1567 1694 1605 Har-telius,
1724 1568 1834 1610 vigere
1862 1569 1947 1611 apud

160 1622 346 1662 Hesiodum,
370 1622 462 1655 nobis
486 1632 547 1655 non
572 1631 845 1664 supervacaneum
861 1631 932 1655 esse
948 1621 1085 1661 videtur,
1108 1620 1314 1662 quamobrem
1334 1620 1394 1652 viri
1410 1620 1585 1653 doctissimi
1604 1621 1795 1654 sententiam
1811 1623 1949 1663 probare

158 1684 220 1707 non
245 1674 407 1715 possimus
430 1684 526 1715 quam
550 1675 741 1708 brevissime
765 1684 934 1716 exponere.

318 1727 441 1760 Statuit
464 1730 571 1761 autem
589 1728 749 1761 Rzachius
773 1728 935 1769 digamma
957 1726 1073 1759 initiali
1097 1725 1238 1766 syllabas
1262 1725 1293 1757 in
1319 1725 1459 1758 vocalem
1483 1725 1611 1766 longam
1634 1728 1690 1757 aut
1715 1726 1947 1767 diphthongum

160 1782 312 1812 exeuntes
335 1781 485 1821 produci,
509 1782 535 1813 si
559 1780 591 1813 in
615 1782 679 1813 arsi
703 1781 828 1822 positae
852 1783 976 1819 essent,
1005 1779 1165 1811 interdum
1190 1778 1285 1809 etiam
1309 1778 1341 1809 in
1366 1778 1447 1809 thesi
1473 1778 1627 1810 eiusmodi
1652 1778 1791 1818 syllabas
1815 1780 1949 1819 produci

160 1835 257 1871 atque
279 1833 449 1873 praecipue
473 1833 601 1873 quidem
625 1834 657 1865 id
674 1834 788 1866 cadere
804 1833 837 1864 iu
853 1832 1045 1873 particulam
1063 1830 1125 1867 καὶ;
1150 1839 1245 1870 porro
1262 1829 1401 1870 syllabas
1418 1830 1449 1861 in
1466 1839 1561 1861 unam
1578 1839 1747 1862 consonam
1766 1830 1949 1864 desinentes

161 1882 356 1923 digammate
379 1883 494 1915 initiali
517 1884 663 1925 produci,
688 1884 716 1916 si
739 1884 770 1916 in
795 1884 857 1915 arsi
882 1883 1006 1924 positae
1030 1887 1147 1923 essent,
1171 1884 1203 1915 in
1228 1884 1310 1916 thesi
1334 1887 1440 1915 autem
1465 1893 1527 1915 non
1551 1883 1683 1923 produci
1708 1884 1769 1916 nisi
1786 1887 1861 1917 ante
1878 1895 1949 1926 pro-

162 1945 277 1968 nomen
302 1935 347 1975 ⁰73
376 1937 539 1977 postremo
562 1936 685 1969 hiatum
711 1936 873 1977 digamma
895 1936 1011 1968 initiali
1036 1936 1222 1976 saepissime
1245 1936 1323 1969 tolli.

318 1988 486 2028 Digamma
509 1991 616 2020 autem
640 1988 772 2028 agnosci
796 1998 856 2019 non
881 1997 975 2028 posse
1000 1989 1026 2019 si
1050 1992 1108 2020 aut
1130 1987 1252 2028 syllaba
1275 1988 1306 2019 in
1331 1988 1471 2020 vocalem
1494 1988 1621 2028 longam
1645 1989 1697 2021 vel
1713 1989 1950 2031 diphthongum

159 2039 208 2073 vel
232 2049 328 2073 unam
353 2049 523 2074 consonam
548 2040 657 2073 exiens
680 2040 713 2073 in
735 2040 821 2073 thesi
845 2040 950 2081 posita
973 2040 1024 2080 sit,
1049 2043 1107 2073 aut
1130 2039 1280 2073 elisiones
1305 2039 1370 2072 sint
1393 2039 1507 2073 sactae.

317 2092 471 2134 Magnum
495 2103 565 2126 esse
588 2093 757 2126 discrimen
781 2094 866 2125 inter
881 2093 1004 2125 Flachii
1028 2094 1218 2125 sententiam
1243 2096 1275 2124 et
1291 2093 1421 2125 Rzachii
1446 2102 1539 2126 nemo
1562 2094 1708 2134 negabit.
1747 2096 1852 2135 Quum
1868 2097 1951 2128 enim

160 2143 214 2176 ille
237 2144 384 2176 omnibus
408 2144 487 2178 locis
511 2146 617 2177 vivum
642 2145 802 2187 digamma
825 2154 895 2178 esse
918 2146 1154 2186 agnoscendum
1179 2154 1297 2185 eosque
1321 2144 1417 2184 lOCOS,
1442 2145 1497 2185 qui
1520 2146 1660 2184 obstant,
1686 2150 1743 2179 aut
1759 2157 1817 2188 pro
1834 2148 1953 2189 spuriis

160 2196 324 2229 habendos
347 2200 404 2229 aut
426 2199 597 2231 mutandos
621 2208 691 2231 esse
714 2201 822 2238 putet,
852 2198 903 2230 hic
927 2197 1132 2238 digammatis
1156 2198 1221 2230 vim
1245 2199 1341 2231 certis
1364 2198 1481 2232 finibus
1505 2200 1741 2234 circumscribit
1771 2212 1874 2243 neque
1897 2207 1954 2235 aut

162 2260 178 2279 ν
201 2247 438 2291 ephelcysticon
461 2250 602 2283 amoveri
625 2252 683 2283 aut
705 2249 785 2283 alias
808 2249 1002 2283 mutationes
1026 2249 1170 2283 lectionis
1194 2250 1343 2291 vulgatae
1367 2250 1431 2284 nisi
1455 2252 1584 2293 optimis
1608 2252 1698 2286 libris
1714 2254 1867 2295 probatas
1883 2254 1953 2287 fieri

161 2301 240 2334 vult.
288 2302 408 2335 Tamen
433 2302 502 2335 viro
527 2302 713 2336 doctissimo
736 2302 887 2335 assentiri
911 2312 974 2336 non
999 2312 1139 2343 possum.

323 2424 345 2457 ¹)
363 2423 535 2458 Quamquam
555 2424 626 2451 enim
645 2425 719 2459 quod
737 2425 765 2452 in
778 2425 983 2461 Prolegomenis
995 2425 1124 2453 editionis
1136 2426 1302 2461 theogoniae
1315 2428 1477 2463 enuntiavit,
1496 2437 1585 2463 nuper
1597 2428 1625 2455 in
1638 2430 1811 2463 praefatione
1825 2430 1954 2458 editionis

164 2475 229 2493 suae
248 2467 403 2494 Hesiodeae
422 2468 512 2495 Berol.
534 2470 601 2496 1874
621 2473 648 2495 et
666 2470 694 2496 in
713 2470 813 2504 libello,
839 2471 885 2504 qui
909 2470 1066 2497 inscribitur
1097 2472 1169 2498 »Das
1193 2472 1375 2499 dialektische
1394 2474 1538 2507 Digamma
1559 2473 1608 2499 des
1626 2473 1791 2507 Hesiodus«,
1815 2475 1955 2508 repetivit,

163 2518 234 2537 nova
252 2515 415 2545 argumenta
433 2512 581 2545 protulisse
600 2513 666 2539 mihi
685 2521 739 2540 non
757 2514 874 2540 videtur.

1743 2560 1755 2586 1
