2313 3094
998 319 1188 350 -9-

363 418 451 453 VIII.
491 416 641 459 Singulos
664 416 736 450 illos
759 425 872 450 versus
895 425 980 449 nunc
1003 424 1240 456 recenseamus,
1264 414 1381 456 quibus
1405 414 1489 458 ἕκητι
1512 414 1603 453 ἑκών,
1628 413 1712 454 ἔτεα,
1738 413 1878 456 εἶάρινος
1901 414 1991 447 inve-

204 472 345 506 niuntur.
382 470 504 505 Versus
526 470 548 502 4
571 469 637 503 exit
651 469 685 502 in
700 468 772 507 Διός
792 469 945 512 μεγάλοιο
969 468 1052 513 ἕκητι
1076 467 1127 510 (cf.
1152 467 1242 502 Curt.
1267 467 1430 502 Grundz.⁴
1454 467 1540 510 135).
1575 467 1639 501 Sed
1662 466 1847 509 genetivum
1864 467 1897 499 in
1920 478 1989 498 -οιο

203 524 402 559 desinentem
417 532 481 556 non
497 522 572 556 elidi
588 521 799 555 Hoffmannus
822 524 961 564 (quaest.
984 522 1069 554 hom.
1092 530 1124 561 p.
1140 521 1196 563 85)
1220 522 1323 555 docet.
1358 520 1481 555 Versus
1501 521 1575 559 282,
1599 521 1654 554 ubi
1676 520 1797 561 legitur
1820 519 1857 556 ὃς
1881 518 1918 551 δέ
1942 530 1990 551 ιε-

202 575 416 620 μαρτυρὶῃσιν
444 575 535 615 ἑκών,
559 574 652 608 nobis
675 575 805 617 quidem
821 573 1028 607 offensionem
1044 583 1108 606 non
1122 574 1265 614 praebet.
1281 592 1324 597 —
1348 573 1498 606 Flachius
1513 576 1618 606 mutat
1631 572 1828 616 μαρτυρίῃσι
1843 572 1937 604 ἑκών.
1947 589 1988 595 ——

204 628 311 662 Versu
328 628 400 669 130,
424 637 519 670 quem
542 627 691 661 Flachiiis
715 626 855 668 damnat,
879 636 978 669 quum
1002 627 1046 659 sit
1067 626 1152 659 inter
1174 636 1268 660 voces
1292 629 1364 663 παῖς
1387 629 1419 660 et
1443 625 1517 658 ἔτεα
1532 636 1667 660 caesura
1682 625 1925 669 semiquinaria,
1950 624 1990 657 de

205 681 398 724 digammate
411 675 500 714 'nihil
524 680 737 722 colligendum
765 683 824 714 est.
870 679 1049 713 Videbatur
1079 682 1187 712 autem
1216 679 1326 712 multis
1350 689 1379 711 v.
1399 679 1459 711 173
1484 679 1688 721 digammatis
1718 679 1890 720 vestigium
1918 687 1989 711 esse

206 734 272 777 τρὶς
295 733 394 771 ἔτεος.
438 733 501 767 Sed
524 733 652 767 etiamsi
675 736 798 766 certum
822 732 865 765 sit
887 732 947 765 hoc
970 741 1085 765 nomen
1109 731 1237 772 proprie
1254 732 1352 773 fe'roc
1374 732 1474 765 fuisse
1497 731 1551 773 (cf.
1569 732 1681 765 Curt.⁴
1704 731 1792 772 203),
1816 734 1924 764 tamen
1948 741 1989 763 ne

206 796 244 819 ex
260 786 391 820 Homeri
415 787 545 829 quidem
568 786 764 819 carminibus
786 785 845 818 hoc
869 784 1083 818 demonstrari
1106 787 1222 824 potest.
1258 784 1373 825 Itaque
1397 784 1511 817 miram
1534 783 1620 816 illam
1644 784 1887 825 productionem
1904 783 1988 816 malo

207 839 282 873 inde
297 840 468 881 explicare,
492 840 578 881 quod
595 838 661 881 τρίς
676 839 709 871 in
732 838 836 880 prima
858 837 935 877 arsi,
957 846 1053 877 quam
1076 836 1209 869 maioris
1233 836 1386 868 momenti
1410 845 1481 869 esse
1504 839 1641 875 constat,
1665 836 1771 877 posita
1793 836 1845 868 sit.
1892 835 1986 868 Prae-

205 894 295 925 terea
308 892 377 925 iere
392 901 518 937 semper
539 891 574 923 in
597 890 710 923 eadem
733 898 847 922 versus
870 889 947 922 sede
970 888 1056 928 apud
1083 888 1258 921 Homerum
1281 888 1361 921 haec
1385 888 1543 928 particula
1564 888 1685 929 legitur
1709 888 1762 930 (cf.
1788 888 1899 920 E436.
1924 889 1987 920 437

205 944 236 976 Z
244 944 308 977 435
334 944 358 976 Θ
372 944 443 988 169.
469 943 531 976 170
555 942 667 975 Λ462.
691 941 755 974 463
772 944 832 974 etc.
868 940 958 973 Idem
980 939 1047 973 fere
1070 942 1186 973 statuit
1207 940 1381 974 Passovius
1405 941 1496 983 (Lex.
1521 940 1578 974 Gr.
1603 941 1712 983 1974).
1742 942 1859 974 Restat
1882 951 1910 973 v.
1937 941 1988 981 75,

204 997 260 1031 ubi
283 998 401 1039 legitur
425 995 554 1028 ἄνθεσιν
579 994 772 1038 εἰαρινοῖσιν.
818 992 883 1026 Sed
906 1002 1005 1034 quum
1027 992 1113 1025 idem
1135 992 1322 1025 inveniatur
1345 993 1442 1033 389,
1473 1003 1536 1026 non
1561 996 1611 1026 est
1635 993 1675 1026 de
1699 993 1895 1034 digammate
1918 994 1990 1025 vivo

205 1050 419 1091 cogitandum,
442 1048 569 1081 etiamsi
592 1056 665 1080 cum
687 1044 820 1078 Flachio
844 1056 860 1075 ν
883 1043 1112 1085 paragogicum
1136 1044 1293 1077 deleatur.

363 1102 420 1135 IX.
466 1101 611 1141 Denique
634 1109 698 1133 uno
721 1108 855 1132 numero
878 1096 1112 1139 comprehendo
1136 1097 1306 1138 vocabula,
1336 1107 1418 1140 quae
1441 1097 1605 1138 pertinent
1635 1098 1675 1131 ad
1706 1098 1831 1132 radices
1848 1097 1936 1140 sehr
1958 1100 1991 1131 et

201 1156 255 1196 J-'cx
279 1154 332 1193 (cf.
357 1153 468 1186 curte*
490 1153 579 1194 648).
625 1153 744 1184 Forma
767 1150 866 1182 ἔολπα
888 1150 922 1182 in
946 1159 975 1182 v.
1000 1149 1063 1181 273
1088 1147 1191 1190 (οὔπω
1214 1148 1325 1190 ἔολπα)
1352 1150 1513 1190 digamma
1535 1159 1598 1182 non
1622 1150 1757 1191 praebet
1780 1152 1814 1183 et
1840 1149 1927 1183 idem
1950 1151 1990 1183 de

206 1217 235 1240 v.
261 1207 324 1239 235
348 1208 492 1248 γυναῖκες
515 1203 638 1237 ἐοικότα
661 1204 867 1237 statuendum
893 1205 957 1242 est,
986 1211 1060 1235 nam
1084 1200 1208 1234 Flachii
1231 1200 1493 1234 violentissimam
1517 1202 1729 1236 mutationem
1758 1202 1897 1244 probare
1926 1212 1989 1235 non

204 1268 346 1300 possum.
363 1276 407 1282 —
430 1257 549 1290 Paullo
559 1256 653 1290 aliter
669 1265 703 1289 se
726 1255 825 1288 habet
846 1255 980 1288 verbum
1004 1253 1109 1294 ἐίσκω,
1132 1254 1218 1294 quod
1242 1253 1284 1286 ad
1301 1254 1434 1287 eandem
1457 1254 1598 1288 radicem
1615 1256 1671 1296 fex
1686 1255 1847 1296 pertinere
1862 1255 1990 1289 videtur

207 1311 260 1354 (cf.
285 1310 376 1343 curt.
400 1310 421 1342 l.
445 1310 480 1351 l.)
526 1309 660 1350 Legitur
688 1308 772 1341 enim
796 1317 826 1340 v.
851 1307 892 1339 62
917 1307 962 1343 εἷς
984 1305 1056 1338 ὦπα
1080 1305 1192 1338 ἐίσκειν
1216 1316 1288 1339 cum
1312 1307 1403 1340 hiatu
1426 1307 1458 1340 in
1482 1308 1594 1348 quinto
1616 1308 1706 1349 pede.
1742 1307 1806 1341 Sed
1829 1318 1905 1341 num
1929 1308 1989 1341 hoc

206 1363 339 1396 verbum
362 1362 421 1395 hoc
444 1363 555 1397 nostro
578 1361 647 1394 loco
676 1361 870 1402 digammate
901 1361 996 1401 egeat
1026 1359 1148 1391 dubito.
1193 1359 1276 1392 Nam
1306 1362 1437 1400 praeter
1467 1360 1659 1393 simillimam
1690 1360 1778 1394 illam
1807 1360 1987 1400 formulam,

206 1424 302 1455 quam
325 1424 423 1456 supra
446 1414 624 1452 attulimus,
646 1413 830 1446 conferatur
853 1412 954 1443 πάντα
965 1411 1072 1460 ,ἐίσκω
1096 1411 1195 1443 Ε181
1220 1411 1253 1443 in
1278 1412 1389 1444 eadem
1412 1421 1525 1446 versus
1548 1414 1635 1446 sede.

362 1467 475 1500 Restat
498 1462 535 1500 ut
557 1466 684 1508 singula
705 1464 862 1507 quaedam
886 1463 1056 1506 proferam,
1079 1472 1162 1505 quae
1185 1464 1485 1498 commemoratione
1508 1465 1606 1507 digna
1622 1465 1801 1499 videantur.

365 1520 397 1562 1)
421 1530 451 1553 v.
468 1521 520 1552 61.
545 1521 635 1561 γαῖαν
660 1518 728 1550 ὕδει
751 1517 872 1561 φύρειν.
919 1516 1014 1558 Apud
1037 1517 1212 1549 Homerum
1235 1526 1361 1558 semper
1383 1517 1485 1551 altera
1508 1518 1609 1551 dativi
1632 1518 1735 1552 forma
1758 1521 1916 1560 usurpata
1939 1520 1990 1551 est

205 1576 238 1607 et
260 1573 292 1606 in
315 1577 426 1607 nostro
449 1573 589 1607 carmine
612 1572 731 1605 formae
755 1572 796 1604 ad
820 1570 960 1603 radicem
986 1568 1066 1600 ῧὸατ
1087 1587 1125 1591 -
1158 1568 1357 1609 pertinentes
1380 1569 1532 1612 leguntur
1554 1580 1605 1603 vv.
1630 1571 1704 1603 596.
1730 1570 1804 1603 737.
1829 1570 1902 1603 739.
1934 1569 1988 1612 (ci.

206 1626 313 1659 Rzach
337 1626 377 1659 de
400 1626 475 1659 dial.
498 1625 574 1658 Hes.
600 1635 630 1667 p.
654 1624 743 1666 416.)

363 1680 396 1721 2)
421 1689 450 1712 v.
475 1679 516 1711 63
541 1677 732 1721 παρθενικῆς
756 1677 848 1708 κᾶλὸν
873 1675 958 1711 εἶδος
986 1675 1142 1716 scriptum
1173 1676 1233 1706 est.
1279 1675 1397 1708 Forma
1427 1675 1520 1712 κᾶλός
1551 1678 1700 1717 correpta
1729 1676 1837 1717 priore
1866 1676 1990 1718 syllaba

206 1732 291 1773 apud
314 1730 489 1764 Homerum
519 1739 677 1772 nusquam
706 1730 877 1770 comparet.
924 1726 1091 1759 Invenitur
1115 1726 1210 1758 etiam
1234 1726 1342 1768 theog.
1366 1727 1429 1759 585
1454 1730 1486 1760 et
1509 1727 1616 1768 hymn.
1640 1728 1672 1760 in
1697 1728 1776 1761 Ven.
1802 1729 1853 1761 29.
1879 1728 1988 1769 261⁸).

363 1783 397 1826 3)
421 1793 450 1816 v.
471 1783 522 1815 68.
547 1785 597 1816 est
618 1782 652 1815 in
675 1781 781 1815 verbis
798 1780 843 1817 ὣς
867 1778 963 1822 ἔφαθ’
980 1788 1123 1811 summae
1139 1778 1315 1819 offensioni,
1338 1780 1426 1820 quod
1442 1784 1516 1822 post
1531 1780 1709 1814 orationem
1725 1781 1888 1823 obliquam
1904 1781 1989 1822 apud

206 1836 381 1869 Homerum
404 1844 563 1876 nusquam
585 1834 803 1867 inveniuntur.

362 1887 397 1929 4)
421 1897 450 1919 v.
476 1888 548 1919 191.
580 1889 630 1920 est
653 1886 825 1927 singularis
848 1884 950 1917 forma
974 1883 1066 1927 ὕβριν
1089 1894 1148 1926 pro
1172 1884 1341 1929 ὑβριστήν,
1372 1884 1464 1917 cuius
1493 1885 1674 1927 analogiam
1704 1886 1789 1928 apud
1814 1886 1989 1920 Homerum

206 1950 268 1973 non
295 1950 432 1982 reppen.

362 1993 395 2035 5)
419 1993 600 2026 Verborum
624 1993 655 2024 in
681 2003 725 2023 εω
749 1982 964 2024 desinentium
988 2000 1051 2023 non
1074 1999 1175 2031 pauca
1197 1990 1283 2030 apud
1307 1989 1482 2022 Homerum
1511 2000 1570 2031 pro
1594 2002 1610 2022 ε
1634 1991 1867 2033 diphthongum
1892 2003 1920 2022 ει
1942 1992 1989 2023 in-

207 2046 334 2080 terdum
364 2049 532 2080 assumunt
561 2045 599 2079 cf.
632 2045 655 2077 Δ
674 2045 735 2078 255
767 2045 789 2082 ζ
800 2045 864 2078 234
894 2043 921 2077 Φ
938 2044 1011 2077 283.
1057 2043 1199 2077 Eandem
1228 2043 1382 2076 rationem
1411 2046 1540 2077 secutus
1569 2046 1619 2077 est
1641 2043 1803 2077 Hesiodus
1828 2044 1860 2077 in
1890 2044 1988 2078 verbo

205 2098 321 2140 ὑμνείω
345 2108 374 2130 v.
392 2100 421 2139 2,
447 2099 533 2140 quod
556 2099 588 2131 in
612 2098 742 2131 Homeri
766 2097 960 2130 carminibus
984 2106 1047 2130 non
1071 2099 1184 2129 exstat.

363 2150 396 2192 6)
421 2160 450 2182 v.
475 2151 517 2182 22
540 2150 660 2192 legitur
683 2150 847 2192 ἀρώμεναι
870 2149 937 2182 sive
959 2152 997 2181 ut
1019 2148 1073 2181 alii
1096 2148 1208 2181 volunt
1230 2147 1423 2190 ἁρόμμεναι,
1455 2148 1540 2190 quod
1569 2148 1699 2181 unicum
1729 2151 1779 2182 est
1807 2148 1988 2190 exemplum

204 2202 237 2236 in
261 2202 373 2245 lingua
395 2202 520 2236 Graeca
542 2203 634 2237 nobis
657 2202 828 2241 traditum,
855 2211 919 2243 quo
942 2202 1075 2235 verbum
1099 2202 1130 2234 in
1153 2212 1221 2231 -οω
1246 2200 1354 2233 exiens
1377 2200 1437 2233 hac
1458 2200 1686 2235 terminatione
1709 2200 1902 2234 infinitivum
1925 2201 1989 2235 for-

205 2258 279 2288 met.
304 2255 356 2297 (cf.
381 2256 502 2289 Buttm.
527 2256 582 2288 Gr.
606 2265 654 2296 gr.
672 2255 698 2287 Ι.
721 2255 784 2287 439
808 2255 851 2287 11.
876 2255 920 2296 9).

363 2308 396 2349 7)
420 2317 469 2340 vv.
494 2307 568 2340 248.
592 2307 655 2338 263
679 2307 796 2348 legitur
819 2306 984 2338 vocativus
1006 2306 1158 2347 βασιλεῖς.
1204 2306 1298 2347 Apud
1323 2306 1498 2339 Homerum
1522 2308 1609 2339 esset
1639 2306 1816 2339 secundum
1846 2307 1989 2340 nomina-

204 2359 304 2393 tivum
326 2359 525 2404 βασιλῆεςθ),
548 2360 605 2393 sed
629 2360 645 2391 λ
660 2360 719 2391 151
747 2360 848 2395 ἱππεῖς
871 2358 1021 2398 occurrit,
1045 2359 1131 2399 quod
1153 2369 1231 2392 num
1254 2358 1423 2393 Bekkerus
1447 2359 1517 2393 iure
1541 2360 1715 2392 mutaverit
1737 2359 1770 2391 in
1794 2360 1907 2403 ἱππῆες
1930 2360 1989 2393 du·

342 2428 383 2480 ⁷⁸)
401 2445 539 2473 Rzachius
558 2444 667 2480 quidem
686 2444 753 2473 dicit
773 2444 841 2480 (hes.
859 2444 969 2472 Unters.
988 2453 1016 2480 p.
1029 2446 1075 2479 32)
1092 2448 1187 2473 notum
1206 2452 1266 2473 esse
1284 2445 1359 2480 apud
1371 2445 1521 2473 Homerum
1539 2445 1659 2481 priorem
1673 2445 1806 2481 syllabam
1818 2446 1894 2473 vocis
1907 2446 1988 2476 καλός

203 2491 340 2520 interdum
359 2490 470 2526 corripi,
489 2490 538 2518 sed
556 2489 655 2525 quibus
672 2490 740 2517 locis
757 2490 785 2517 id
803 2489 907 2517 factum
925 2489 961 2517 sit
979 2497 1029 2516 nos
1046 2498 1102 2517 non
1120 2490 1208 2517 docet.

359 2535 382 2569 ⁹)
401 2534 480 2561 Hanc
498 2535 612 2561 formam
632 2534 714 2560 etlam
733 2536 827 2560 nostro
845 2533 905 2560 loco
926 2540 986 2560 eum
1006 2534 1122 2567 synicesi
1141 2533 1196 2567 legi
1214 2533 1273 2559 vult
1291 2533 1430 2560 Rzachius
1449 2534 1482 2560 de
1501 2533 1564 2560 dial.
1584 2534 1649 2560 Hes.
1669 2542 1694 2568 p.
1707 2536 1770 2562 406.

1811 2580 1828 2605 2
