<?xml version="1.0" encoding="UTF-8"?>
<!DOCTYPE html PUBLIC "-//W3C//DTD XHTML 1.0 Transitional//EN"
    "http://www.w3.org/TR/xhtml1/DTD/xhtml1-transitional.dtd">
<html xmlns="http://www.w3.org/1999/xhtml" xml:lang="en" lang="en">
 <head>
  <title>
</title>
<meta http-equiv="Content-Type" content="text/html;charset=utf-8" />
  <meta name='ocr-system' content='tesseract 3.04.00' />
  <meta name='ocr-capabilities' content='ocr_page ocr_carea ocr_par ocr_line ocrx_word'/>
</head>
<body>
  <div class='ocr_page' id='page_1' title='image "./4626732_0016.png"; bbox 0 0 2342 3094; ppageno 0'>
   <div class='ocr_carea' id='block_1_1' title="bbox 993 319 1188 349">
    <p class='ocr_par' dir='ltr' id='par_1_1' title="bbox 993 319 1188 349">
     <span class='ocr_line' id='line_1_1' title="bbox 993 319 1188 349; baseline 0.005 -8"><span class='ocrx_word' id='word_1_1' title='bbox 993 319 1188 349; x_wconf 72' lang='grc'><strong>-7-</strong></span> 
     </span>
    </p>
   </div>
   <div class='ocr_carea' id='block_1_2' title="bbox 175 411 2010 2561">
    <p class='ocr_par' dir='ltr' id='par_1_2' title="bbox 189 411 1987 926">
     <span class='ocr_line' id='line_1_2' title="bbox 351 411 1986 458; baseline 0.005 -15"><span class='ocrx_word' id='word_1_2' title='bbox 351 411 463 452; x_wconf 80' lang='lat' dir='ltr'><strong>Neque</strong></span> <span class='ocrx_word' id='word_1_3' title='bbox 485 414 594 444; x_wconf 87' lang='lat' dir='ltr'><strong>tamen</strong></span> <span class='ocrx_word' id='word_1_4' title='bbox 617 412 672 444; x_wconf 89' lang='lat' dir='ltr'><strong>illa</strong></span> <span class='ocrx_word' id='word_1_5' title='bbox 700 412 790 453; x_wconf 90' lang='lat' dir='ltr'><strong>prior</strong></span> <span class='ocrx_word' id='word_1_6' title='bbox 819 422 895 454; x_wconf 89' lang='lat' dir='ltr'><strong>pars</strong></span> <span class='ocrx_word' id='word_1_7' title='bbox 917 413 992 446; x_wconf 87' lang='lat' dir='ltr'><strong>inde</strong></span> <span class='ocrx_word' id='word_1_8' title='bbox 1015 423 1034 446; x_wconf 87' lang='lat' dir='ltr'><strong>a</strong></span> <span class='ocrx_word' id='word_1_9' title='bbox 1056 424 1151 447; x_wconf 89' lang='lat' dir='ltr'><strong>versu</strong></span> <span class='ocrx_word' id='word_1_10' title='bbox 1180 416 1219 447; x_wconf 86' lang='lat'><strong>41</strong></span> <span class='ocrx_word' id='word_1_11' title='bbox 1251 424 1355 456; x_wconf 88' lang='lat' dir='ltr'><strong>usque</strong></span> <span class='ocrx_word' id='word_1_12' title='bbox 1392 416 1433 448; x_wconf 90' lang='lat' dir='ltr'><strong>ad</strong></span> <span class='ocrx_word' id='word_1_13' title='bbox 1463 416 1522 448; x_wconf 91' lang='grc'>201</span> <span class='ocrx_word' id='word_1_14' title='bbox 1561 417 1690 458; x_wconf 86' lang='lat' dir='ltr'><strong>proprie</strong></span> <span class='ocrx_word' id='word_1_15' title='bbox 1724 427 1823 450; x_wconf 90' lang='lat' dir='ltr'><strong>unum</strong></span> <span class='ocrx_word' id='word_1_16' title='bbox 1858 427 1986 451; x_wconf 86' lang='lat' dir='ltr'><strong>carmen</strong></span> 
     </span>
     <span class='ocr_line' id='line_1_3' title="bbox 194 462 1987 509; baseline 0.004 -13"><span class='ocrx_word' id='word_1_17' title='bbox 194 462 305 503; x_wconf 83' lang='lat' dir='ltr'><strong>efficit,</strong></span> <span class='ocrx_word' id='word_1_18' title='bbox 342 464 399 497; x_wconf 84' lang='lat' dir='ltr'><strong>sed</strong></span> <span class='ocrx_word' id='word_1_19' title='bbox 423 466 460 496; x_wconf 87' lang='lat' dir='ltr'><strong>ut</strong></span> <span class='ocrx_word' id='word_1_20' title='bbox 482 463 538 496; x_wconf 90' lang='lat' dir='ltr'><strong>alii</strong></span> <span class='ocrx_word' id='word_1_21' title='bbox 558 464 625 505; x_wconf 86' lang='lat' dir='ltr'><strong>jam</strong></span> <span class='ocrx_word' id='word_1_22' title='bbox 647 463 799 497; x_wconf 85' lang='lat' dir='ltr'><strong>viderunt</strong></span> <span class='ocrx_word' id='word_1_23' title='bbox 820 465 957 498; x_wconf 87' lang='lat' dir='ltr'><strong>alterum</strong></span> <span class='ocrx_word' id='word_1_24' title='bbox 982 475 1110 499; x_wconf 85' lang='lat' dir='ltr'><strong>carmen</strong></span> <span class='ocrx_word' id='word_1_25' title='bbox 1133 476 1236 509; x_wconf 88' lang='lat' dir='ltr'><strong>usque</strong></span> <span class='ocrx_word' id='word_1_26' title='bbox 1258 467 1300 500; x_wconf 88' lang='lat' dir='ltr'><strong>ad</strong></span> <span class='ocrx_word' id='word_1_27' title='bbox 1325 476 1451 501; x_wconf 90' lang='lat' dir='ltr'><strong>versum</strong></span> <span class='ocrx_word' id='word_1_28' title='bbox 1478 467 1539 500; x_wconf 86' lang='lat'><strong>106</strong></span> <span class='ocrx_word' id='word_1_29' title='bbox 1562 469 1718 509; x_wconf 78' lang='lat' dir='ltr'>pertinet,</span> <span class='ocrx_word' id='word_1_30' title='bbox 1750 468 1887 503; x_wconf 86' lang='lat' dir='ltr'><strong>alterum</strong></span> <span class='ocrx_word' id='word_1_31' title='bbox 1911 470 1987 504; x_wconf 88' lang='lat' dir='ltr'><strong>inde</strong></span> 
     </span>
     <span class='ocr_line' id='line_1_4' title="bbox 192 513 1984 565; baseline 0.004 -16"><span class='ocrx_word' id='word_1_32' title='bbox 192 525 294 558; x_wconf 88' lang='lat' dir='ltr'><strong>usque</strong></span> <span class='ocrx_word' id='word_1_33' title='bbox 317 515 357 548; x_wconf 85' lang='lat' dir='ltr'><strong>ad</strong></span> <span class='ocrx_word' id='word_1_34' title='bbox 382 515 456 547; x_wconf 88' lang='grc'>201.</span> <span class='ocrx_word' id='word_1_35' title='bbox 486 534 528 539; x_wconf 94' lang='grc'>-</span> <span class='ocrx_word' id='word_1_36' title='bbox 556 516 649 556; x_wconf 83' lang='lat' dir='ltr'><strong>Quod</strong></span> <span class='ocrx_word' id='word_1_37' title='bbox 672 513 709 549; x_wconf 79' lang='lat' dir='ltr'><strong>ut</strong></span> <span class='ocrx_word' id='word_1_38' title='bbox 732 519 873 550; x_wconf 86' lang='lat' dir='ltr'><strong>statuam</strong></span> <span class='ocrx_word' id='word_1_39' title='bbox 896 526 947 550; x_wconf 87' lang='lat' dir='ltr'><strong>me</strong></span> <span class='ocrx_word' id='word_1_40' title='bbox 971 521 1158 559; x_wconf 85' lang='lat' dir='ltr'><strong>commovet,</strong></span> <span class='ocrx_word' id='word_1_41' title='bbox 1181 520 1267 561; x_wconf 90' lang='lat' dir='ltr'><strong>quod</strong></span> <span class='ocrx_word' id='word_1_42' title='bbox 1291 520 1323 553; x_wconf 91' lang='lat' dir='ltr'><strong>in</strong></span> <span class='ocrx_word' id='word_1_43' title='bbox 1347 519 1410 553; x_wconf 90' lang='lat' dir='ltr'><strong>illis</strong></span> <span class='ocrx_word' id='word_1_44' title='bbox 1435 520 1476 553; x_wconf 90' lang='lat'><strong>65</strong></span> <span class='ocrx_word' id='word_1_45' title='bbox 1501 520 1647 554; x_wconf 88' lang='lat' dir='ltr'><strong>versibus</strong></span> <span class='ocrx_word' id='word_1_46' title='bbox 1671 530 1735 555; x_wconf 92' lang='lat' dir='ltr'><strong>non</strong></span> <span class='ocrx_word' id='word_1_47' title='bbox 1758 520 1865 555; x_wconf 89' lang='lat' dir='ltr'><strong>minus</strong></span> <span class='ocrx_word' id='word_1_48' title='bbox 1890 532 1984 565; x_wconf 86' lang='lat' dir='ltr'><strong>quam</strong></span> 
     </span>
     <span class='ocr_line' id='line_1_5' title="bbox 191 567 1986 617; baseline 0.004 -17"><span class='ocrx_word' id='word_1_49' title='bbox 191 568 234 601; x_wconf 87' lang='lat'><strong>35</strong></span> <span class='ocrx_word' id='word_1_50' title='bbox 257 577 369 601; x_wconf 84' lang='lat' dir='ltr'><strong>versus</strong></span> <span class='ocrx_word' id='word_1_51' title='bbox 392 567 425 600; x_wconf 90' lang='lat' dir='ltr'><strong>in</strong></span> <span class='ocrx_word' id='word_1_52' title='bbox 449 567 621 602; x_wconf 87' lang='lat' dir='ltr'><strong>formulam</strong></span> <span class='ocrx_word' id='word_1_53' title='bbox 644 569 694 602; x_wconf 90' lang='lat' dir='ltr'><strong>vel</strong></span> <span class='ocrx_word' id='word_1_54' title='bbox 717 569 952 603; x_wconf 81' lang='lat' dir='ltr'><strong>hemistichium</strong></span> <span class='ocrx_word' id='word_1_55' title='bbox 977 570 1173 605; x_wconf 90' lang='lat' dir='ltr'><strong>homericum</strong></span> <span class='ocrx_word' id='word_1_56' title='bbox 1198 575 1324 606; x_wconf 87' lang='lat' dir='ltr'><strong>exeunt.</strong></span> <span class='ocrx_word' id='word_1_57' title='bbox 1371 574 1463 613; x_wconf 85' lang='lat' dir='ltr'><strong>Quod</strong></span> <span class='ocrx_word' id='word_1_58' title='bbox 1493 577 1599 607; x_wconf 86' lang='lat' dir='ltr'><strong>tamen</strong></span> <span class='ocrx_word' id='word_1_59' title='bbox 1630 575 1727 608; x_wconf 87' lang='lat' dir='ltr'><strong>etiam</strong></span> <span class='ocrx_word' id='word_1_60' title='bbox 1759 575 1890 617; x_wconf 87' lang='lat' dir='ltr'><strong>majoris</strong></span> <span class='ocrx_word' id='word_1_61' title='bbox 1919 585 1986 608; x_wconf 88' lang='lat' dir='ltr'><strong>mo-</strong></span> 
     </span>
     <span class='ocr_line' id='line_1_6' title="bbox 192 620 1984 672; baseline 0.004 -18"><span class='ocrx_word' id='word_1_62' title='bbox 192 621 292 654; x_wconf 81' lang='lat' dir='ltr'><strong>menti</strong></span> <span class='ocrx_word' id='word_1_63' title='bbox 314 629 385 653; x_wconf 88' lang='lat' dir='ltr'><strong>esse</strong></span> <span class='ocrx_word' id='word_1_64' title='bbox 406 620 543 661; x_wconf 88' lang='lat' dir='ltr'><strong>videtur,</strong></span> <span class='ocrx_word' id='word_1_65' title='bbox 566 622 710 655; x_wconf 88' lang='lat' dir='ltr'><strong>continet</strong></span> <span class='ocrx_word' id='word_1_66' title='bbox 732 623 792 655; x_wconf 88' lang='lat' dir='ltr'><strong>hoc</strong></span> <span class='ocrx_word' id='word_1_67' title='bbox 820 632 947 656; x_wconf 90' lang='lat' dir='ltr'><strong>carmen</strong></span> <span class='ocrx_word' id='word_1_68' title='bbox 980 632 1035 656; x_wconf 88' lang='lat' dir='ltr'><strong>sex</strong></span> <span class='ocrx_word' id='word_1_69' title='bbox 1057 626 1181 657; x_wconf 78' lang='lat' dir='ltr'><strong>tantum</strong></span> <span class='ocrx_word' id='word_1_70' title='bbox 1203 626 1360 659; x_wconf 84' lang='lat' dir='ltr'><strong>vocabula</strong></span> <span class='ocrx_word' id='word_1_71' title='bbox 1381 635 1443 659; x_wconf 92' lang='lat' dir='ltr'><strong>non</strong></span> <span class='ocrx_word' id='word_1_72' title='bbox 1468 626 1644 660; x_wconf 85' lang='lat' dir='ltr'><strong>homerica:</strong></span> <span class='ocrx_word' id='word_1_73' title='bbox 1679 627 1735 669; x_wconf 84' lang='grc'><strong>52)</strong></span> <span class='ocrx_word' id='word_1_74' title='bbox 1764 625 1900 672; x_wconf 74' lang='grc' dir='ltr'><strong>νάρθηκι</strong></span> <span class='ocrx_word' id='word_1_75' title='bbox 1928 629 1984 670; x_wconf 85' lang='grc'><strong>58)</strong></span> 
     </span>
     <span class='ocr_line' id='line_1_7' title="bbox 193 672 1983 723; baseline 0.006 -19"><span class='ocrx_word' id='word_1_76' title='bbox 193 673 451 716; x_wconf 79' lang='grc' dir='ltr'><em>ἀμφαγαπῶντες</em></span> <span class='ocrx_word' id='word_1_77' title='bbox 485 673 540 716; x_wconf 88' lang='grc'>66)</span> <span class='ocrx_word' id='word_1_78' title='bbox 571 672 757 719; x_wconf 71' lang='grc' dir='ltr'><strong>γυιοκόρους</strong></span> <span class='ocrx_word' id='word_1_79' title='bbox 793 676 848 719; x_wconf 87' lang='grc'>79)</span> <span class='ocrx_word' id='word_1_80' title='bbox 870 675 1078 720; x_wconf 78' lang='grc' dir='ltr'><em>βαρυκτύπου</em></span> <span class='ocrx_word' id='word_1_81' title='bbox 1119 677 1174 720; x_wconf 88' lang='grc'><strong>98)</strong></span> <span class='ocrx_word' id='word_1_82' title='bbox 1207 677 1322 723; x_wconf 78' lang='grc' dir='ltr'><em>ἐξέπτη</em></span> <span class='ocrx_word' id='word_1_83' title='bbox 1360 678 1416 721; x_wconf 92' lang='grc'><strong>98)</strong></span> <span class='ocrx_word' id='word_1_84' title='bbox 1447 678 1621 722; x_wconf 80' lang='grc' dir='ltr'><em>ἐπέμβαλε.</em></span> <span class='ocrx_word' id='word_1_85' title='bbox 1668 680 1705 713; x_wconf 92' lang='lat' dir='ltr'><strong>In</strong></span> <span class='ocrx_word' id='word_1_86' title='bbox 1736 680 1839 715; x_wconf 78' lang='lat' dir='ltr'><strong>altero</strong></span> <span class='ocrx_word' id='word_1_87' title='bbox 1873 684 1983 715; x_wconf 72' lang='lat' dir='ltr'><strong>autem</strong></span> 
     </span>
     <span class='ocr_line' id='line_1_8' title="bbox 191 727 1984 773; baseline 0.004 -14"><span class='ocrx_word' id='word_1_88' title='bbox 191 727 332 761; x_wconf 76' lang='lat' dir='ltr'><strong>carmine</strong></span> <span class='ocrx_word' id='word_1_89' title='bbox 365 738 469 771; x_wconf 88' lang='lat' dir='ltr'><strong>usque</strong></span> <span class='ocrx_word' id='word_1_90' title='bbox 503 729 544 762; x_wconf 87' lang='lat' dir='ltr'><strong>ad</strong></span> <span class='ocrx_word' id='word_1_91' title='bbox 579 740 705 764; x_wconf 88' lang='lat' dir='ltr'><strong>versum</strong></span> <span class='ocrx_word' id='word_1_92' title='bbox 735 731 797 763; x_wconf 92' lang='grc'><strong>201</strong></span> <span class='ocrx_word' id='word_1_93' title='bbox 830 731 968 765; x_wconf 77' lang='lat' dir='ltr'><strong>imitatio</strong></span> <span class='ocrx_word' id='word_1_94' title='bbox 1003 741 1066 765; x_wconf 91' lang='lat' dir='ltr'><strong>non</strong></span> <span class='ocrx_word' id='word_1_95' title='bbox 1101 731 1206 763; x_wconf 89' lang='lat' dir='ltr'><strong>minor</strong></span> <span class='ocrx_word' id='word_1_96' title='bbox 1239 732 1442 772; x_wconf 87' lang='lat' dir='ltr'><strong>agnoscenda</strong></span> <span class='ocrx_word' id='word_1_97' title='bbox 1476 735 1544 772; x_wconf 84' lang='lat' dir='ltr'><strong>est,</strong></span> <span class='ocrx_word' id='word_1_98' title='bbox 1579 732 1664 773; x_wconf 93' lang='lat' dir='ltr'><strong>quod</strong></span> <span class='ocrx_word' id='word_1_99' title='bbox 1689 733 1775 766; x_wconf 87' lang='lat' dir='ltr'><strong>inter</strong></span> <span class='ocrx_word' id='word_1_100' title='bbox 1802 743 1915 766; x_wconf 88' lang='lat' dir='ltr'><strong>versus</strong></span> <span class='ocrx_word' id='word_1_101' title='bbox 1943 735 1984 768; x_wconf 87' lang='grc'><strong>95</strong></span> 
     </span>
     <span class='ocr_line' id='line_1_9' title="bbox 190 779 1981 831; baseline 0.003 -18"><span class='ocrx_word' id='word_1_102' title='bbox 190 779 404 822; x_wconf 81' lang='lat' dir='ltr'><strong>quadraginta</strong></span> <span class='ocrx_word' id='word_1_103' title='bbox 427 791 482 816; x_wconf 84' lang='lat' dir='ltr'><strong>sex</strong></span> <span class='ocrx_word' id='word_1_104' title='bbox 505 782 537 815; x_wconf 90' lang='lat' dir='ltr'><strong>in</strong></span> <span class='ocrx_word' id='word_1_105' title='bbox 560 782 729 816; x_wconf 79' lang='lat' dir='ltr'><strong>formulam</strong></span> <span class='ocrx_word' id='word_1_106' title='bbox 753 784 880 817; x_wconf 87' lang='lat' dir='ltr'><strong>cadunt.</strong></span> <span class='ocrx_word' id='word_1_107' title='bbox 929 784 992 818; x_wconf 88' lang='lat' dir='ltr'><strong>Sed</strong></span> <span class='ocrx_word' id='word_1_108' title='bbox 1016 784 1120 818; x_wconf 92' lang='lat' dir='ltr'><strong>multo</strong></span> <span class='ocrx_word' id='word_1_109' title='bbox 1143 785 1264 825; x_wconf 89' lang='lat' dir='ltr'><strong>minus,</strong></span> <span class='ocrx_word' id='word_1_110' title='bbox 1294 794 1389 827; x_wconf 88' lang='lat' dir='ltr'><strong>quam</strong></span> <span class='ocrx_word' id='word_1_111' title='bbox 1419 786 1452 818; x_wconf 89' lang='lat' dir='ltr'><strong>in</strong></span> <span class='ocrx_word' id='word_1_112' title='bbox 1482 786 1589 831; x_wconf 86' lang='lat' dir='ltr'><strong>priore</strong></span> <span class='ocrx_word' id='word_1_113' title='bbox 1619 789 1713 827; x_wconf 88' lang='lat' dir='ltr'><strong>parte</strong></span> <span class='ocrx_word' id='word_1_114' title='bbox 1743 790 1848 821; x_wconf 88' lang='lat' dir='ltr'><strong>totum</strong></span> <span class='ocrx_word' id='word_1_115' title='bbox 1879 797 1981 829; x_wconf 87' lang='lat' dir='ltr'><strong>genus</strong></span> 
     </span>
     <span class='ocr_line' id='line_1_10' title="bbox 189 831 1981 881; baseline 0.003 -16"><span class='ocrx_word' id='word_1_116' title='bbox 189 831 317 865; x_wconf 89' lang='lat' dir='ltr'><strong>dicendi</strong></span> <span class='ocrx_word' id='word_1_117' title='bbox 339 834 499 868; x_wconf 88' lang='lat' dir='ltr'><strong>homerico</strong></span> <span class='ocrx_word' id='word_1_118' title='bbox 523 838 692 877; x_wconf 86' lang='lat' dir='ltr'><strong>cognatum</strong></span> <span class='ocrx_word' id='word_1_119' title='bbox 717 839 781 876; x_wconf 87' lang='lat' dir='ltr'><strong>est,</strong></span> <span class='ocrx_word' id='word_1_120' title='bbox 811 846 884 869; x_wconf 91' lang='lat' dir='ltr'><strong>cum</strong></span> <span class='ocrx_word' id='word_1_121' title='bbox 907 847 946 870; x_wconf 87' lang='lat' dir='ltr'><strong>ex</strong></span> <span class='ocrx_word' id='word_1_122' title='bbox 968 838 1062 878; x_wconf 87' lang='lat' dir='ltr'><strong>copia</strong></span> <span class='ocrx_word' id='word_1_123' title='bbox 1085 838 1314 870; x_wconf 83' lang='lat' dir='ltr'><strong>vocabulorum</strong></span> <span class='ocrx_word' id='word_1_124' title='bbox 1343 838 1406 870; x_wconf 90' lang='lat' dir='ltr'><strong>duo</strong></span> <span class='ocrx_word' id='word_1_125' title='bbox 1437 840 1470 870; x_wconf 85' lang='lat' dir='ltr'><strong>et</strong></span> <span class='ocrx_word' id='word_1_126' title='bbox 1497 838 1613 878; x_wconf 81' lang='lat' dir='ltr'><strong>viginti</strong></span> <span class='ocrx_word' id='word_1_127' title='bbox 1643 839 1865 880; x_wconf 83' lang='lat' dir='ltr'><strong>inveniantur,</strong></span> <span class='ocrx_word' id='word_1_128' title='bbox 1896 849 1981 881; x_wconf 89' lang='lat' dir='ltr'><strong>quae</strong></span> 
     </span>
     <span class='ocr_line' id='line_1_11' title="bbox 190 884 723 926; baseline 0.004 -9"><span class='ocrx_word' id='word_1_129' title='bbox 190 884 277 926; x_wconf 85' lang='lat' dir='ltr'><strong>apud</strong></span> <span class='ocrx_word' id='word_1_130' title='bbox 300 885 475 920; x_wconf 84' lang='lat' dir='ltr'><strong>Homerum</strong></span> <span class='ocrx_word' id='word_1_131' title='bbox 499 896 562 920; x_wconf 90' lang='lat' dir='ltr'><strong>non</strong></span> <span class='ocrx_word' id='word_1_132' title='bbox 586 890 723 921; x_wconf 88' lang='lat' dir='ltr'><strong>exstant.</strong></span> 
     </span>
    </p>

    <p class='ocr_par' dir='ltr' id='par_1_3' title="bbox 189 938 1983 1086">
     <span class='ocr_line' id='line_1_12' title="bbox 345 938 1981 985; baseline 0.004 -15"><span class='ocrx_word' id='word_1_133' title='bbox 345 938 417 970; x_wconf 89' lang='lat' dir='ltr'><strong>Non</strong></span> <span class='ocrx_word' id='word_1_134' title='bbox 441 939 549 978; x_wconf 88' lang='lat' dir='ltr'><strong>cred0,</strong></span> <span class='ocrx_word' id='word_1_135' title='bbox 574 940 631 972; x_wconf 87' lang='lat' dir='ltr'><strong>sed</strong></span> <span class='ocrx_word' id='word_1_136' title='bbox 654 940 750 972; x_wconf 85' lang='lat' dir='ltr'><strong>certis</strong></span> <span class='ocrx_word' id='word_1_137' title='bbox 773 940 972 981; x_wconf 74' lang='lat' dir='ltr'><strong>argumentis</strong></span> <span class='ocrx_word' id='word_1_138' title='bbox 996 941 1236 974; x_wconf 77' lang='lat' dir='ltr'><strong>demonstrasse</strong></span> <span class='ocrx_word' id='word_1_139' title='bbox 1266 942 1346 974; x_wconf 90' lang='lat' dir='ltr'><strong>mihi</strong></span> <span class='ocrx_word' id='word_1_140' title='bbox 1377 942 1505 981; x_wconf 87' lang='lat' dir='ltr'><strong>videor,</strong></span> <span class='ocrx_word' id='word_1_141' title='bbox 1536 942 1597 975; x_wconf 90' lang='lat' dir='ltr'><strong>sub</strong></span> <span class='ocrx_word' id='word_1_142' title='bbox 1629 943 1725 975; x_wconf 89' lang='lat' dir='ltr'><strong>unius</strong></span> <span class='ocrx_word' id='word_1_143' title='bbox 1754 943 1849 985; x_wconf 89' lang='lat' dir='ltr'><strong>hujus</strong></span> <span class='ocrx_word' id='word_1_144' title='bbox 1880 946 1981 985; x_wconf 86' lang='lat' dir='ltr'><strong>partis</strong></span> 
     </span>
     <span class='ocr_line' id='line_1_13' title="bbox 189 989 1983 1037; baseline 0.004 -16"><span class='ocrx_word' id='word_1_145' title='bbox 189 989 294 1029; x_wconf 85' lang='lat' dir='ltr'><strong>specie</strong></span> <span class='ocrx_word' id='word_1_146' title='bbox 317 989 381 1022; x_wconf 90' lang='lat' dir='ltr'><strong>tria</strong></span> <span class='ocrx_word' id='word_1_147' title='bbox 404 990 532 1023; x_wconf 82' lang='lat' dir='ltr'><strong>diversa</strong></span> <span class='ocrx_word' id='word_1_148' title='bbox 555 991 699 1023; x_wconf 80' lang='lat' dir='ltr'><strong>carmina</strong></span> <span class='ocrx_word' id='word_1_149' title='bbox 721 991 830 1024; x_wconf 91' lang='lat' dir='ltr'><strong>latere.</strong></span> <span class='ocrx_word' id='word_1_150' title='bbox 879 993 922 1025; x_wconf 88' lang='lat' dir='ltr'><strong>Et</strong></span> <span class='ocrx_word' id='word_1_151' title='bbox 944 992 1023 1025; x_wconf 87' lang='lat' dir='ltr'><strong>haec</strong></span> <span class='ocrx_word' id='word_1_152' title='bbox 1046 1002 1119 1025; x_wconf 83' lang='lat' dir='ltr'><strong>mea</strong></span> <span class='ocrx_word' id='word_1_153' title='bbox 1142 992 1304 1025; x_wconf 85' lang='lat' dir='ltr'><strong>sententia</strong></span> <span class='ocrx_word' id='word_1_154' title='bbox 1327 1002 1364 1025; x_wconf 89' lang='lat' dir='ltr'><strong>eo</strong></span> <span class='ocrx_word' id='word_1_155' title='bbox 1388 992 1613 1035; x_wconf 86' lang='lat' dir='ltr'><strong>confirmatur,</strong></span> <span class='ocrx_word' id='word_1_156' title='bbox 1643 995 1728 1036; x_wconf 92' lang='lat' dir='ltr'><strong>quod</strong></span> <span class='ocrx_word' id='word_1_157' title='bbox 1756 995 1884 1037; x_wconf 87' lang='lat' dir='ltr'><strong>singula</strong></span> <span class='ocrx_word' id='word_1_158' title='bbox 1914 1006 1983 1029; x_wconf 86' lang='lat' dir='ltr'><strong>car-</strong></span> 
     </span>
     <span class='ocr_line' id='line_1_14' title="bbox 189 1040 1460 1086; baseline 0.003 -12"><span class='ocrx_word' id='word_1_159' title='bbox 189 1040 276 1074; x_wconf 91' lang='lat' dir='ltr'><strong>mina</strong></span> <span class='ocrx_word' id='word_1_160' title='bbox 298 1042 345 1075; x_wconf 83' lang='lat' dir='ltr'><strong>ita</strong></span> <span class='ocrx_word' id='word_1_161' title='bbox 367 1046 444 1075; x_wconf 88' lang='lat' dir='ltr'><strong>sunt</strong></span> <span class='ocrx_word' id='word_1_162' title='bbox 466 1052 596 1083; x_wconf 86' lang='lat' dir='ltr'><strong>conexa,</strong></span> <span class='ocrx_word' id='word_1_163' title='bbox 622 1047 659 1076; x_wconf 88' lang='grc' dir='ltr'><strong>ιιι</strong></span> <span class='ocrx_word' id='word_1_164' title='bbox 681 1053 781 1076; x_wconf 84' lang='grc' dir='ltr'><strong>ιιιιιιιιι</strong></span> <span class='ocrx_word' id='word_1_165' title='bbox 804 1045 955 1086; x_wconf 86' lang='lat' dir='ltr'><strong>quodque</strong></span> <span class='ocrx_word' id='word_1_166' title='bbox 979 1045 1076 1078; x_wconf 87' lang='lat' dir='ltr'><strong>etiam</strong></span> <span class='ocrx_word' id='word_1_167' title='bbox 1099 1055 1158 1086; x_wconf 89' lang='lat' dir='ltr'><strong>per</strong></span> <span class='ocrx_word' id='word_1_168' title='bbox 1180 1055 1215 1078; x_wconf 87' lang='lat' dir='ltr'><strong>se</strong></span> <span class='ocrx_word' id='word_1_169' title='bbox 1238 1046 1340 1086; x_wconf 87' lang='lat' dir='ltr'><strong>possit</strong></span> <span class='ocrx_word' id='word_1_170' title='bbox 1363 1048 1460 1079; x_wconf 86' lang='lat' dir='ltr'><strong>stare.</strong></span> 
     </span>
    </p>

    <p class='ocr_par' dir='ltr' id='par_1_4' title="bbox 348 1094 1666 1139">
     <span class='ocr_line' id='line_1_15' title="bbox 348 1094 1666 1139; baseline 0.004 -12"><span class='ocrx_word' id='word_1_171' title='bbox 348 1094 513 1133; x_wconf 82' lang='lat' dir='ltr'><strong>Quaenam</strong></span> <span class='ocrx_word' id='word_1_172' title='bbox 538 1096 621 1128; x_wconf 82' lang='lat' dir='ltr'><strong>ratio</strong></span> <span class='ocrx_word' id='word_1_173' title='bbox 645 1096 729 1128; x_wconf 88' lang='lat' dir='ltr'><strong>inter</strong></span> <span class='ocrx_word' id='word_1_174' title='bbox 752 1096 880 1137; x_wconf 85' lang='lat' dir='ltr'><strong>singula</strong></span> <span class='ocrx_word' id='word_1_175' title='bbox 903 1098 1047 1130; x_wconf 84' lang='lat' dir='ltr'><strong>carmina</strong></span> <span class='ocrx_word' id='word_1_176' title='bbox 1069 1097 1259 1137; x_wconf 81' lang='lat' dir='ltr'><strong>intercedat,</strong></span> <span class='ocrx_word' id='word_1_177' title='bbox 1284 1101 1375 1139; x_wconf 84' lang='lat' dir='ltr'><strong>patet</strong></span> <span class='ocrx_word' id='word_1_178' title='bbox 1397 1109 1436 1131; x_wconf 86' lang='lat' dir='ltr'><strong>ex</strong></span> <span class='ocrx_word' id='word_1_179' title='bbox 1459 1098 1518 1131; x_wconf 89' lang='lat' dir='ltr'><strong>hac</strong></span> <span class='ocrx_word' id='word_1_180' title='bbox 1541 1099 1666 1133; x_wconf 86' lang='lat' dir='ltr'><strong>tabula:</strong></span> 
     </span>
    </p>

    <p class='ocr_par' dir='ltr' id='par_1_5' title="bbox 374 1147 1978 1191">
     <span class='ocr_line' id='line_1_16' title="bbox 374 1147 1978 1191; baseline 0.006 -13"><span class='ocrx_word' id='word_1_181' title='bbox 374 1147 400 1179; x_wconf 94' lang='lat' dir='ltr'><strong>I.</strong></span> <span class='ocrx_word' id='word_1_182' title='bbox 437 1156 466 1179; x_wconf 88' lang='lat' dir='ltr'><strong>v.</strong></span> <span class='ocrx_word' id='word_1_183' title='bbox 493 1147 620 1188; x_wconf 89' lang='grc'>1-41,</span> <span class='ocrx_word' id='word_1_184' title='bbox 643 1147 828 1180; x_wconf 84' lang='lat'>201--285</span> <span class='ocrx_word' id='word_1_185' title='bbox 854 1148 917 1190; x_wconf 89' lang='lat' dir='ltr'><strong>(vv.</strong></span> <span class='ocrx_word' id='word_1_186' title='bbox 944 1149 1023 1191; x_wconf 82' lang='lat'>125)</span> <span class='ocrx_word' id='word_1_187' title='bbox 1046 1148 1212 1182; x_wconf 83' lang='lat' dir='ltr'><strong>continent</strong></span> <span class='ocrx_word' id='word_1_188' title='bbox 1235 1159 1284 1183; x_wconf 89' lang='lat' dir='ltr'><strong>vv.</strong></span> <span class='ocrx_word' id='word_1_189' title='bbox 1310 1150 1342 1183; x_wconf 92' lang='lat' dir='ltr'><strong>in</strong></span> <span class='ocrx_word' id='word_1_190' title='bbox 1365 1150 1457 1183; x_wconf 83' lang='lat' dir='ltr'><strong>form.</strong></span> <span class='ocrx_word' id='word_1_191' title='bbox 1482 1160 1530 1184; x_wconf 87' lang='lat' dir='ltr'><strong>ex.</strong></span> <span class='ocrx_word' id='word_1_192' title='bbox 1554 1152 1594 1183; x_wconf 85' lang='lat'><strong>41</strong></span> <span class='ocrx_word' id='word_1_193' title='bbox 1629 1162 1695 1186; x_wconf 82' lang='lat' dir='ltr'><strong>voc.</strong></span> <span class='ocrx_word' id='word_1_194' title='bbox 1726 1162 1787 1186; x_wconf 91' lang='lat' dir='ltr'><strong>non</strong></span> <span class='ocrx_word' id='word_1_195' title='bbox 1818 1154 1902 1186; x_wconf 88' lang='lat' dir='ltr'><strong>hom.</strong></span> <span class='ocrx_word' id='word_1_196' title='bbox 1927 1155 1978 1187; x_wconf 86' lang='lat'><strong>40.</strong></span> 
     </span>
    </p>

    <p class='ocr_par' dir='ltr' id='par_1_6' title="bbox 361 1199 1976 1245">
     <span class='ocr_line' id='line_1_17' title="bbox 361 1199 1976 1245; baseline 0.005 -12"><span class='ocrx_word' id='word_1_197' title='bbox 361 1199 401 1233; x_wconf 89' lang='grc' dir='ltr'><strong>ΙΙ.</strong></span> <span class='ocrx_word' id='word_1_198' title='bbox 437 1210 467 1233; x_wconf 89' lang='lat' dir='ltr'><strong>v.</strong></span> <span class='ocrx_word' id='word_1_199' title='bbox 490 1200 656 1233; x_wconf 80' lang='lat'>42—106</span> <span class='ocrx_word' id='word_1_200' title='bbox 747 1227 750 1230; x_wconf 20' lang='grc' dir='ltr'><em>Α</em></span> <span class='ocrx_word' id='word_1_201' title='bbox 852 1202 915 1244; x_wconf 87' lang='lat' dir='ltr'><strong>(vv.</strong></span> <span class='ocrx_word' id='word_1_202' title='bbox 941 1202 997 1245; x_wconf 85' lang='lat'><strong>65)</strong></span> <span class='ocrx_word' id='word_1_203' title='bbox 1113 1215 1125 1231; x_wconf 67' lang='grc' dir='ltr'><strong>ι</strong></span> <span class='ocrx_word' id='word_1_204' title='bbox 1314 1216 1326 1232; x_wconf 67' lang='lat' dir='ltr'>n</span> <span class='ocrx_word' id='word_1_205' title='bbox 1494 1217 1507 1234; x_wconf 68' lang='grc' dir='ltr'><strong>ι</strong></span> <span class='ocrx_word' id='word_1_206' title='bbox 1553 1205 1595 1238; x_wconf 90' lang='grc'><strong>35</strong></span> <span class='ocrx_word' id='word_1_207' title='bbox 1760 1220 1772 1235; x_wconf 70' lang='grc' dir='ltr'><strong>ι»</strong></span> <span class='ocrx_word' id='word_1_208' title='bbox 1948 1210 1976 1241; x_wconf 91' lang='grc'><strong>6.</strong></span> 
     </span>
    </p>

    <p class='ocr_par' dir='ltr' id='par_1_7' title="bbox 346 1252 1976 1295">
     <span class='ocr_line' id='line_1_18' title="bbox 346 1252 1976 1295; baseline 0.005 -11"><span class='ocrx_word' id='word_1_209' title='bbox 346 1252 404 1284; x_wconf 88' lang='lat'><strong>111.</strong></span> <span class='ocrx_word' id='word_1_210' title='bbox 438 1262 467 1284; x_wconf 91' lang='lat' dir='ltr'><strong>v.</strong></span> <span class='ocrx_word' id='word_1_211' title='bbox 493 1252 676 1284; x_wconf 72' lang='lat' dir='ltr'><strong>loe—201</strong></span> <span class='ocrx_word' id='word_1_212' title='bbox 854 1254 917 1294; x_wconf 87' lang='lat' dir='ltr'><strong>(vv.</strong></span> <span class='ocrx_word' id='word_1_213' title='bbox 943 1254 998 1295; x_wconf 86' lang='lat'><strong>95)</strong></span> <span class='ocrx_word' id='word_1_214' title='bbox 1112 1267 1125 1282; x_wconf 81' lang='lat'><strong>.</strong></span> <span class='ocrx_word' id='word_1_215' title='bbox 1312 1268 1325 1283; x_wconf 81' lang='lat'><em>,</em></span> <span class='ocrx_word' id='word_1_216' title='bbox 1492 1269 1505 1285; x_wconf 78' lang='grc'><strong>»</strong></span> <span class='ocrx_word' id='word_1_217' title='bbox 1554 1257 1597 1288; x_wconf 86' lang='lat'><strong>46</strong></span> <span class='ocrx_word' id='word_1_218' title='bbox 1758 1270 1771 1286; x_wconf 83' lang='lat'><strong>›</strong></span> <span class='ocrx_word' id='word_1_219' title='bbox 1925 1261 1976 1292; x_wconf 81' lang='lat'><strong>22.</strong></span> 
     </span>
    </p>

    <p class='ocr_par' dir='ltr' id='par_1_8' title="bbox 342 1302 2010 1348">
     <span class='ocr_line' id='line_1_19' title="bbox 342 1302 2010 1348; baseline 0.005 -13"><span class='ocrx_word' id='word_1_220' title='bbox 342 1302 506 1345; x_wconf 83' lang='lat' dir='ltr'><strong>Sequitur,</strong></span> <span class='ocrx_word' id='word_1_221' title='bbox 532 1307 568 1336; x_wconf 90' lang='lat' dir='ltr'><strong>ut</strong></span> <span class='ocrx_word' id='word_1_222' title='bbox 591 1304 624 1336; x_wconf 93' lang='lat' dir='ltr'><strong>in</strong></span> <span class='ocrx_word' id='word_1_223' title='bbox 647 1304 750 1337; x_wconf 89' lang='lat' dir='ltr'><strong>altera</strong></span> <span class='ocrx_word' id='word_1_224' title='bbox 774 1307 866 1345; x_wconf 86' lang='lat' dir='ltr'><strong>parte</strong></span> <span class='ocrx_word' id='word_1_225' title='bbox 890 1305 930 1338; x_wconf 90' lang='lat' dir='ltr'><strong>de</strong></span> <span class='ocrx_word' id='word_1_226' title='bbox 954 1305 1148 1347; x_wconf 79' lang='lat' dir='ltr'><strong>digammate</strong></span> <span class='ocrx_word' id='word_1_227' title='bbox 1172 1316 1316 1348; x_wconf 85' lang='lat' dir='ltr'><strong>agamus.</strong></span> <span class='ocrx_word' id='word_1_228' title='bbox 2004 1312 2010 1314; x_wconf 52' lang='lat'><em>⁴</em></span> 
     </span>
    </p>

    <p class='ocr_par' dir='ltr' id='par_1_9' title="bbox 181 1356 1975 1876">
     <span class='ocr_line' id='line_1_20' title="bbox 343 1356 1975 1402; baseline 0.006 -15"><span class='ocrx_word' id='word_1_229' title='bbox 343 1356 368 1387; x_wconf 91' lang='grc' dir='ltr'><strong>Ι.</strong></span> <span class='ocrx_word' id='word_1_230' title='bbox 404 1357 540 1388; x_wconf 85' lang='lat' dir='ltr'><strong>Formae</strong></span> <span class='ocrx_word' id='word_1_231' title='bbox 563 1357 760 1397; x_wconf 86' lang='lat' dir='ltr'><strong>pronominis</strong></span> <span class='ocrx_word' id='word_1_232' title='bbox 783 1358 900 1390; x_wconf 82' lang='lat' dir='ltr'><strong>tertiae</strong></span> <span class='ocrx_word' id='word_1_233' title='bbox 922 1367 1079 1397; x_wconf 86' lang='lat' dir='ltr'><strong>personae</strong></span> <span class='ocrx_word' id='word_1_234' title='bbox 1101 1360 1214 1399; x_wconf 84' lang='lat' dir='ltr'><strong>paucis</strong></span> <span class='ocrx_word' id='word_1_235' title='bbox 1238 1363 1363 1392; x_wconf 86' lang='lat' dir='ltr'><strong>tantum</strong></span> <span class='ocrx_word' id='word_1_236' title='bbox 1386 1361 1464 1394; x_wconf 89' lang='lat' dir='ltr'><strong>locis</strong></span> <span class='ocrx_word' id='word_1_237' title='bbox 1487 1362 1710 1402; x_wconf 82' lang='lat' dir='ltr'><strong>inveniuntur,</strong></span> <span class='ocrx_word' id='word_1_238' title='bbox 1743 1364 1799 1396; x_wconf 90' lang='lat' dir='ltr'><strong>ubi</strong></span> <span class='ocrx_word' id='word_1_239' title='bbox 1823 1365 1862 1396; x_wconf 89' lang='lat' dir='ltr'><strong>de</strong></span> <span class='ocrx_word' id='word_1_240' title='bbox 1892 1365 1975 1396; x_wconf 85' lang='lat' dir='ltr'><strong>Pan-</strong></span> 
     </span>
     <span class='ocr_line' id='line_1_21' title="bbox 185 1406 1973 1456; baseline 0.006 -18"><span class='ocrx_word' id='word_1_241' title='bbox 185 1406 265 1438; x_wconf 87' lang='lat' dir='ltr'><strong>dora</strong></span> <span class='ocrx_word' id='word_1_242' title='bbox 279 1407 424 1439; x_wconf 84' lang='lat' dir='ltr'><strong>ornanda</strong></span> <span class='ocrx_word' id='word_1_243' title='bbox 439 1410 607 1450; x_wconf 84' lang='lat' dir='ltr'><strong>narratur;</strong></span> <span class='ocrx_word' id='word_1_244' title='bbox 630 1408 743 1441; x_wconf 90' lang='lat' dir='ltr'><strong>omitto</strong></span> <span class='ocrx_word' id='word_1_245' title='bbox 760 1409 843 1441; x_wconf 89' lang='lat' dir='ltr'><strong>enim</strong></span> <span class='ocrx_word' id='word_1_246' title='bbox 859 1418 914 1442; x_wconf 89' lang='lat' dir='ltr'><strong>eos</strong></span> <span class='ocrx_word' id='word_1_247' title='bbox 930 1418 1053 1450; x_wconf 87' lang='lat' dir='ltr'><strong>versus,</strong></span> <span class='ocrx_word' id='word_1_248' title='bbox 1078 1420 1116 1442; x_wconf 89' lang='lat' dir='ltr'><strong>ex</strong></span> <span class='ocrx_word' id='word_1_249' title='bbox 1134 1410 1250 1451; x_wconf 89' lang='lat' dir='ltr'><strong>quibus</strong></span> <span class='ocrx_word' id='word_1_250' title='bbox 1274 1411 1352 1443; x_wconf 88' lang='lat' dir='ltr'><strong>nihil</strong></span> <span class='ocrx_word' id='word_1_251' title='bbox 1374 1415 1481 1453; x_wconf 86' lang='lat' dir='ltr'><strong>potest</strong></span> <span class='ocrx_word' id='word_1_252' title='bbox 1503 1413 1620 1456; x_wconf 84' lang='lat' dir='ltr'><strong>colligi,</strong></span> <span class='ocrx_word' id='word_1_253' title='bbox 1645 1418 1682 1447; x_wconf 92' lang='lat' dir='ltr'><strong>ut</strong></span> <span class='ocrx_word' id='word_1_254' title='bbox 1704 1424 1732 1446; x_wconf 89' lang='lat' dir='ltr'><strong>v.</strong></span> <span class='ocrx_word' id='word_1_255' title='bbox 1749 1415 1801 1447; x_wconf 88' lang='grc'><strong>86.</strong></span> <span class='ocrx_word' id='word_1_256' title='bbox 1820 1433 1860 1438; x_wconf 79' lang='lat'><strong>——</strong></span> <span class='ocrx_word' id='word_1_257' title='bbox 1886 1426 1914 1447; x_wconf 91' lang='lat' dir='ltr'><strong>v.</strong></span> <span class='ocrx_word' id='word_1_258' title='bbox 1933 1417 1973 1448; x_wconf 78' lang='lat'><strong>73</strong></span> 
     </span>
     <span class='ocr_line' id='line_1_22' title="bbox 185 1459 1972 1508; baseline 0.006 -17"><span class='ocrx_word' id='word_1_259' title='bbox 185 1459 266 1502; x_wconf 76' lang='grc' dir='ltr'><em>ἀμφὶ</em></span> <span class='ocrx_word' id='word_1_260' title='bbox 289 1459 326 1491; x_wconf 79' lang='grc' dir='ltr'><strong>δέ</strong></span> <span class='ocrx_word' id='word_1_261' title='bbox 349 1461 378 1492; x_wconf 78' lang='grc' dir='ltr'><strong>οἱ</strong></span> <span class='ocrx_word' id='word_1_262' title='bbox 402 1461 529 1502; x_wconf 87' lang='lat' dir='ltr'><strong>legitur.</strong></span> <span class='ocrx_word' id='word_1_263' title='bbox 571 1461 688 1493; x_wconf 90' lang='lat' dir='ltr'><strong>Vivum</strong></span> <span class='ocrx_word' id='word_1_264' title='bbox 710 1464 818 1495; x_wconf 92' lang='lat' dir='ltr'><strong>autem</strong></span> <span class='ocrx_word' id='word_1_265' title='bbox 843 1462 1004 1503; x_wconf 86' lang='lat' dir='ltr'><strong>digamma</strong></span> <span class='ocrx_word' id='word_1_266' title='bbox 1026 1463 1159 1504; x_wconf 86' lang='lat' dir='ltr'><strong>agnosci</strong></span> <span class='ocrx_word' id='word_1_267' title='bbox 1182 1473 1244 1496; x_wconf 90' lang='lat' dir='ltr'><strong>non</strong></span> <span class='ocrx_word' id='word_1_268' title='bbox 1269 1468 1384 1506; x_wconf 86' lang='lat' dir='ltr'><strong>potest,</strong></span> <span class='ocrx_word' id='word_1_269' title='bbox 1410 1466 1495 1507; x_wconf 90' lang='lat' dir='ltr'><strong>quod</strong></span> <span class='ocrx_word' id='word_1_270' title='bbox 1519 1466 1556 1498; x_wconf 78' lang='grc' dir='ltr'><strong>δέ</strong></span> <span class='ocrx_word' id='word_1_271' title='bbox 1578 1467 1736 1508; x_wconf 87' lang='lat' dir='ltr'><strong>particula</strong></span> <span class='ocrx_word' id='word_1_272' title='bbox 1759 1473 1835 1501; x_wconf 83' lang='lat' dir='ltr'><strong>ante</strong></span> <span class='ocrx_word' id='word_1_273' title='bbox 1859 1470 1887 1500; x_wconf 77' lang='grc' dir='ltr'><strong>οἱ</strong></span> <span class='ocrx_word' id='word_1_274' title='bbox 1910 1480 1972 1502; x_wconf 83' lang='grc' dir='ltr'><strong>ιιοιι</strong></span> 
     </span>
     <span class='ocr_line' id='line_1_23' title="bbox 184 1512 1972 1561; baseline 0.006 -17"><span class='ocrx_word' id='word_1_275' title='bbox 184 1512 334 1546; x_wconf 82' lang='lat' dir='ltr'><strong>mutilata</strong></span> <span class='ocrx_word' id='word_1_276' title='bbox 356 1514 442 1554; x_wconf 86' lang='lat' dir='ltr'><strong>apud</strong></span> <span class='ocrx_word' id='word_1_277' title='bbox 459 1514 634 1546; x_wconf 86' lang='lat' dir='ltr'><strong>Homerum</strong></span> <span class='ocrx_word' id='word_1_278' title='bbox 658 1514 836 1547; x_wconf 87' lang='lat' dir='ltr'><strong>sexcenties</strong></span> <span class='ocrx_word' id='word_1_279' title='bbox 860 1514 1024 1547; x_wconf 87' lang='lat' dir='ltr'><strong>invenitur</strong></span> <span class='ocrx_word' id='word_1_280' title='bbox 1047 1516 1072 1547; x_wconf 84' lang='grc' dir='ltr'><em>Α</em></span> <span class='ocrx_word' id='word_1_281' title='bbox 1089 1515 1161 1547; x_wconf 88' lang='grc'>104.</span> <span class='ocrx_word' id='word_1_282' title='bbox 1180 1516 1253 1548; x_wconf 90' lang='grc'>188.</span> <span class='ocrx_word' id='word_1_283' title='bbox 1270 1516 1334 1548; x_wconf 90' lang='grc'><strong>200</strong></span> <span class='ocrx_word' id='word_1_284' title='bbox 1350 1520 1411 1549; x_wconf 89' lang='lat' dir='ltr'><strong>etc.</strong></span> <span class='ocrx_word' id='word_1_285' title='bbox 1447 1518 1661 1557; x_wconf 83' lang='lat' dir='ltr'><strong>Quamobrem</strong></span> <span class='ocrx_word' id='word_1_286' title='bbox 1685 1524 1855 1561; x_wconf 88' lang='lat' dir='ltr'><strong>praetereo</strong></span> <span class='ocrx_word' id='word_1_287' title='bbox 1875 1522 1972 1554; x_wconf 86' lang='lat' dir='ltr'><strong>etiam</strong></span> 
     </span>
     <span class='ocr_line' id='line_1_24' title="bbox 184 1561 1970 1612; baseline 0.007 -16"><span class='ocrx_word' id='word_1_288' title='bbox 184 1574 213 1597; x_wconf 89' lang='lat' dir='ltr'><strong>v.</strong></span> <span class='ocrx_word' id='word_1_289' title='bbox 230 1565 273 1597; x_wconf 83' lang='lat'><strong>76</strong></span> <span class='ocrx_word' id='word_1_290' title='bbox 296 1561 401 1597; x_wconf 81' lang='grc' dir='ltr'><em>πάντα</em></span> <span class='ocrx_word' id='word_1_291' title='bbox 424 1565 462 1597; x_wconf 81' lang='grc' dir='ltr'><strong>δέ</strong></span> <span class='ocrx_word' id='word_1_292' title='bbox 485 1566 523 1597; x_wconf 77' lang='grc' dir='ltr'><strong>οἱ.</strong></span> <span class='ocrx_word' id='word_1_293' title='bbox 547 1585 591 1590; x_wconf 88' lang='lat'>-</span> <span class='ocrx_word' id='word_1_294' title='bbox 615 1566 728 1607; x_wconf 89' lang='lat' dir='ltr'><strong>Neque</strong></span> <span class='ocrx_word' id='word_1_295' title='bbox 751 1576 780 1599; x_wconf 91' lang='lat' dir='ltr'><strong>v.</strong></span> <span class='ocrx_word' id='word_1_296' title='bbox 803 1567 842 1598; x_wconf 83' lang='lat'><strong>77</strong></span> <span class='ocrx_word' id='word_1_297' title='bbox 868 1566 901 1598; x_wconf 87' lang='grc' dir='ltr'><strong>ἐν</strong></span> <span class='ocrx_word' id='word_1_298' title='bbox 925 1566 958 1598; x_wconf 78' lang='grc' dir='ltr'><strong>δ’</strong></span> <span class='ocrx_word' id='word_1_299' title='bbox 983 1566 1047 1609; x_wconf 86' lang='grc' dir='ltr'><strong>ἄρα</strong></span> <span class='ocrx_word' id='word_1_300' title='bbox 1070 1567 1099 1598; x_wconf 81' lang='grc' dir='ltr'><strong>οἱ</strong></span> <span class='ocrx_word' id='word_1_301' title='bbox 1122 1568 1185 1600; x_wconf 91' lang='lat' dir='ltr'><strong>vivi</strong></span> <span class='ocrx_word' id='word_1_302' title='bbox 1209 1568 1414 1610; x_wconf 84' lang='lat' dir='ltr'><strong>digammatis</strong></span> <span class='ocrx_word' id='word_1_303' title='bbox 1438 1571 1609 1612; x_wconf 89' lang='lat' dir='ltr'><strong>vestigium</strong></span> <span class='ocrx_word' id='word_1_304' title='bbox 1633 1573 1736 1612; x_wconf 86' lang='lat' dir='ltr'><strong>video,</strong></span> <span class='ocrx_word' id='word_1_305' title='bbox 1762 1583 1836 1606; x_wconf 91' lang='lat' dir='ltr'><strong>nam</strong></span> <span class='ocrx_word' id='word_1_306' title='bbox 1859 1575 1970 1608; x_wconf 89' lang='lat' dir='ltr'><strong>eodem</strong></span> 
     </span>
     <span class='ocr_line' id='line_1_25' title="bbox 183 1612 1970 1663; baseline 0.006 -13"><span class='ocrx_word' id='word_1_307' title='bbox 183 1617 279 1650; x_wconf 92' lang='lat' dir='ltr'><strong>modo</strong></span> <span class='ocrx_word' id='word_1_308' title='bbox 308 1612 374 1661; x_wconf 72' lang='grc' dir='ltr'><strong>ἄρα</strong></span> <span class='ocrx_word' id='word_1_309' title='bbox 405 1622 481 1652; x_wconf 83' lang='lat' dir='ltr'><strong>ante</strong></span> <span class='ocrx_word' id='word_1_310' title='bbox 505 1619 533 1650; x_wconf 83' lang='grc' dir='ltr'><strong>οἱ</strong></span> <span class='ocrx_word' id='word_1_311' title='bbox 557 1619 599 1652; x_wconf 82' lang='lat' dir='ltr'><strong>ab</strong></span> <span class='ocrx_word' id='word_1_312' title='bbox 621 1618 762 1652; x_wconf 86' lang='lat' dir='ltr'><strong>Homero</strong></span> <span class='ocrx_word' id='word_1_313' title='bbox 793 1622 984 1660; x_wconf 86' lang='lat' dir='ltr'><strong>usurpatum</strong></span> <span class='ocrx_word' id='word_1_314' title='bbox 1011 1622 1060 1652; x_wconf 86' lang='lat' dir='ltr'><strong>est</strong></span> <span class='ocrx_word' id='word_1_315' title='bbox 1082 1619 1106 1650; x_wconf 91' lang='grc' dir='ltr'><em>Δ</em></span> <span class='ocrx_word' id='word_1_316' title='bbox 1121 1619 1181 1651; x_wconf 88' lang='grc'>198</span> <span class='ocrx_word' id='word_1_317' title='bbox 1206 1618 1277 1651; x_wconf 77' lang='grc' dir='ltr'><em>οὐδ’</em></span> <span class='ocrx_word' id='word_1_318' title='bbox 1302 1620 1368 1663; x_wconf 82' lang='grc' dir='ltr'><strong>ἄρα</strong></span> <span class='ocrx_word' id='word_1_319' title='bbox 1391 1621 1419 1652; x_wconf 78' lang='grc' dir='ltr'><strong>οἱ</strong></span> <span class='ocrx_word' id='word_1_320' title='bbox 1449 1622 1550 1655; x_wconf 83' lang='grc' dir='ltr'>Μ351</span> <span class='ocrx_word' id='word_1_321' title='bbox 1579 1627 1639 1656; x_wconf 87' lang='lat' dir='ltr'><strong>etc.</strong></span> <span class='ocrx_word' id='word_1_322' title='bbox 1671 1642 1712 1648; x_wconf 92' lang='lat'><strong>——</strong></span> <span class='ocrx_word' id='word_1_323' title='bbox 1742 1626 1970 1660; x_wconf 89' lang='lat' dir='ltr'><strong>Accusativum</strong></span> 
     </span>
     <span class='ocr_line' id='line_1_26' title="bbox 183 1670 1969 1723; baseline 0.006 -21"><span class='ocrx_word' id='word_1_324' title='bbox 183 1679 259 1703; x_wconf 90' lang='lat' dir='ltr'><strong>vero</strong></span> <span class='ocrx_word' id='word_1_325' title='bbox 281 1670 298 1702; x_wconf 84' lang='grc' dir='ltr'>ἑ</span> <span class='ocrx_word' id='word_1_326' title='bbox 322 1671 516 1713; x_wconf 85' lang='lat' dir='ltr'><strong>digammate</strong></span> <span class='ocrx_word' id='word_1_327' title='bbox 540 1672 732 1706; x_wconf 81' lang='lat' dir='ltr'><strong>instructum</strong></span> <span class='ocrx_word' id='word_1_328' title='bbox 757 1681 827 1706; x_wconf 86' lang='lat' dir='ltr'><strong>esse</strong></span> <span class='ocrx_word' id='word_1_329' title='bbox 857 1682 916 1713; x_wconf 92' lang='lat' dir='ltr'><strong>pro</strong></span> <span class='ocrx_word' id='word_1_330' title='bbox 945 1675 1033 1706; x_wconf 89' lang='lat' dir='ltr'><strong>certo</strong></span> <span class='ocrx_word' id='word_1_331' title='bbox 1062 1671 1181 1705; x_wconf 83' lang='lat' dir='ltr'><strong>habere</strong></span> <span class='ocrx_word' id='word_1_332' title='bbox 1203 1673 1362 1707; x_wconf 87' lang='lat' dir='ltr'><strong>Rzachius</strong></span> <span class='ocrx_word' id='word_1_333' title='bbox 1391 1675 1518 1709; x_wconf 89' lang='lat' dir='ltr'><strong>videtur</strong></span> <span class='ocrx_word' id='word_1_334' title='bbox 1547 1677 1601 1719; x_wconf 90' lang='lat' dir='ltr'><strong>(de</strong></span> <span class='ocrx_word' id='word_1_335' title='bbox 1626 1677 1699 1710; x_wconf 89' lang='lat' dir='ltr'><strong>dial.</strong></span> <span class='ocrx_word' id='word_1_336' title='bbox 1724 1679 1801 1712; x_wconf 86' lang='lat' dir='ltr'><strong>Hes.</strong></span> <span class='ocrx_word' id='word_1_337' title='bbox 1825 1690 1856 1721; x_wconf 88' lang='lat' dir='ltr'><strong>p.</strong></span> <span class='ocrx_word' id='word_1_338' title='bbox 1874 1681 1969 1723; x_wconf 91' lang='grc'>380);</span> 
     </span>
     <span class='ocr_line' id='line_1_27' title="bbox 183 1723 1969 1778; baseline 0.006 -23"><span class='ocrx_word' id='word_1_339' title='bbox 183 1723 239 1755; x_wconf 84' lang='lat' dir='ltr'><strong>sed</strong></span> <span class='ocrx_word' id='word_1_340' title='bbox 263 1733 336 1756; x_wconf 88' lang='lat' dir='ltr'><strong>eum</strong></span> <span class='ocrx_word' id='word_1_341' title='bbox 360 1723 443 1765; x_wconf 86' lang='lat' dir='ltr'><strong>fugit</strong></span> <span class='ocrx_word' id='word_1_342' title='bbox 466 1735 494 1757; x_wconf 92' lang='lat' dir='ltr'><strong>v.</strong></span> <span class='ocrx_word' id='word_1_343' title='bbox 519 1725 583 1757; x_wconf 86' lang='grc'><strong>268</strong></span> <span class='ocrx_word' id='word_1_344' title='bbox 607 1724 683 1756; x_wconf 75' lang='grc' dir='ltr'><em>οὐδέ</em></span> <span class='ocrx_word' id='word_1_345' title='bbox 706 1725 722 1756; x_wconf 84' lang='grc' dir='ltr'>ἑ</span> <span class='ocrx_word' id='word_1_346' title='bbox 745 1724 836 1769; x_wconf 73' lang='grc' dir='ltr'><strong>λήθει</strong></span> <span class='ocrx_word' id='word_1_347' title='bbox 860 1724 1029 1757; x_wconf 87' lang='lat' dir='ltr'><strong>formulam</strong></span> <span class='ocrx_word' id='word_1_348' title='bbox 1058 1734 1128 1758; x_wconf 89' lang='lat' dir='ltr'><strong>esse</strong></span> <span class='ocrx_word' id='word_1_349' title='bbox 1151 1726 1361 1760; x_wconf 86' lang='lat' dir='ltr'><strong>Homericam.</strong></span> <span class='ocrx_word' id='word_1_350' title='bbox 1399 1748 1438 1752; x_wconf 89' lang='lat'><strong>—</strong></span> <span class='ocrx_word' id='word_1_351' title='bbox 1476 1739 1504 1761; x_wconf 80' lang='lat' dir='ltr'><strong>v,</strong></span> <span class='ocrx_word' id='word_1_352' title='bbox 1531 1730 1589 1762; x_wconf 88' lang='grc'><strong>131</strong></span> <span class='ocrx_word' id='word_1_353' title='bbox 1616 1735 1723 1764; x_wconf 85' lang='lat' dir='ltr'><strong>autem</strong></span> <span class='ocrx_word' id='word_1_354' title='bbox 1750 1732 1836 1773; x_wconf 74' lang='grc' dir='ltr'><em>μέγα</em></span> <span class='ocrx_word' id='word_1_355' title='bbox 1861 1735 1969 1778; x_wconf 72' lang='grc' dir='ltr'><strong>νήπιος</strong></span> 
     </span>
     <span class='ocr_line' id='line_1_28' title="bbox 182 1773 1969 1826; baseline 0.008 -21"><span class='ocrx_word' id='word_1_356' title='bbox 182 1773 213 1816; x_wconf 78' lang='grc' dir='ltr'><em>ᾤ</em></span> <span class='ocrx_word' id='word_1_357' title='bbox 234 1774 279 1806; x_wconf 80' lang='grc' dir='ltr'><strong>ἐνὶ</strong></span> <span class='ocrx_word' id='word_1_358' title='bbox 301 1775 381 1818; x_wconf 81' lang='grc' dir='ltr'><em>οἴκῳ</em></span> <span class='ocrx_word' id='word_1_359' title='bbox 405 1777 568 1818; x_wconf 86' lang='lat' dir='ltr'><strong>digamma</strong></span> <span class='ocrx_word' id='word_1_360' title='bbox 591 1787 653 1809; x_wconf 91' lang='lat' dir='ltr'><strong>non</strong></span> <span class='ocrx_word' id='word_1_361' title='bbox 678 1781 851 1817; x_wconf 88' lang='lat' dir='ltr'><strong>comparet.</strong></span> <span class='ocrx_word' id='word_1_362' title='bbox 886 1777 1006 1810; x_wconf 87' lang='lat' dir='ltr'><strong>Omitto</strong></span> <span class='ocrx_word' id='word_1_363' title='bbox 1030 1777 1126 1819; x_wconf 82' lang='lat' dir='ltr'><strong>hujus</strong></span> <span class='ocrx_word' id='word_1_364' title='bbox 1145 1780 1342 1819; x_wconf 88' lang='lat' dir='ltr'><strong>pronominis</strong></span> <span class='ocrx_word' id='word_1_365' title='bbox 1358 1781 1492 1814; x_wconf 86' lang='lat' dir='ltr'><strong>formam</strong></span> <span class='ocrx_word' id='word_1_366' title='bbox 1509 1781 1572 1823; x_wconf 83' lang='grc' dir='ltr'><em>ἑός,</em></span> <span class='ocrx_word' id='word_1_367' title='bbox 1595 1793 1669 1815; x_wconf 90' lang='lat' dir='ltr'><strong>nam</strong></span> <span class='ocrx_word' id='word_1_368' title='bbox 1686 1794 1756 1816; x_wconf 90' lang='lat' dir='ltr'><strong>eam</strong></span> <span class='ocrx_word' id='word_1_369' title='bbox 1774 1784 1969 1826; x_wconf 83' lang='lat' dir='ltr'><strong>digammate</strong></span> 
     </span>
     <span class='ocr_line' id='line_1_29' title="bbox 181 1827 1824 1876; baseline 0.007 -17"><span class='ocrx_word' id='word_1_370' title='bbox 181 1827 296 1859; x_wconf 85' lang='lat' dir='ltr'><strong>initiali</strong></span> <span class='ocrx_word' id='word_1_371' title='bbox 319 1828 395 1860; x_wconf 90' lang='lat' dir='ltr'><strong>olim</strong></span> <span class='ocrx_word' id='word_1_372' title='bbox 418 1828 517 1861; x_wconf 87' lang='lat' dir='ltr'><strong>fuisse</strong></span> <span class='ocrx_word' id='word_1_373' title='bbox 540 1830 740 1868; x_wconf 84' lang='lat' dir='ltr'><strong>instructam,</strong></span> <span class='ocrx_word' id='word_1_374' title='bbox 765 1833 802 1861; x_wconf 90' lang='lat' dir='ltr'><strong>ut</strong></span> <span class='ocrx_word' id='word_1_375' title='bbox 824 1829 974 1862; x_wconf 86' lang='lat' dir='ltr'><strong>Flachius</strong></span> <span class='ocrx_word' id='word_1_376' title='bbox 998 1834 1101 1871; x_wconf 83' lang='lat' dir='ltr'><strong>putat,</strong></span> <span class='ocrx_word' id='word_1_377' title='bbox 1124 1832 1221 1865; x_wconf 88' lang='lat' dir='ltr'><strong>nullis</strong></span> <span class='ocrx_word' id='word_1_378' title='bbox 1244 1836 1445 1874; x_wconf 87' lang='lat' dir='ltr'><strong>argumentis</strong></span> <span class='ocrx_word' id='word_1_379' title='bbox 1468 1839 1576 1876; x_wconf 89' lang='lat' dir='ltr'><strong>potest</strong></span> <span class='ocrx_word' id='word_1_380' title='bbox 1599 1837 1824 1870; x_wconf 88' lang='lat' dir='ltr'><strong>demonstrari.</strong></span> 
     </span>
    </p>

    <p class='ocr_par' dir='ltr' id='par_1_10' title="bbox 177 1879 1988 2236">
     <span class='ocr_line' id='line_1_30' title="bbox 337 1879 1966 1931; baseline 0.009 -20"><span class='ocrx_word' id='word_1_381' title='bbox 337 1879 378 1911; x_wconf 90' lang='grc' dir='ltr'><strong>Π.</strong></span> <span class='ocrx_word' id='word_1_382' title='bbox 413 1880 533 1913; x_wconf 87' lang='lat' dir='ltr'><strong>Aoristi</strong></span> <span class='ocrx_word' id='word_1_383' title='bbox 558 1880 644 1911; x_wconf 78' lang='grc' dir='ltr'><em>εἶδον</em></span> <span class='ocrx_word' id='word_1_384' title='bbox 666 1880 788 1913; x_wconf 86' lang='lat' dir='ltr'><strong>formae</strong></span> <span class='ocrx_word' id='word_1_385' title='bbox 811 1890 831 1913; x_wconf 86' lang='lat' dir='ltr'><strong>a</strong></span> <span class='ocrx_word' id='word_1_386' title='bbox 854 1881 956 1914; x_wconf 90' lang='lat' dir='ltr'><strong>vocali</strong></span> <span class='ocrx_word' id='word_1_387' title='bbox 981 1894 989 1912; x_wconf 93' lang='grc' dir='ltr'><strong>ι</strong></span> <span class='ocrx_word' id='word_1_388' title='bbox 1012 1882 1198 1916; x_wconf 74' lang='lat' dir='ltr'><strong>inchoantes</strong></span> <span class='ocrx_word' id='word_1_389' title='bbox 1229 1887 1296 1918; x_wconf 86' lang='lat' dir='ltr'><strong>tres</strong></span> <span class='ocrx_word' id='word_1_390' title='bbox 1326 1891 1508 1919; x_wconf 85' lang='lat' dir='ltr'><strong>occurrunt.</strong></span> <span class='ocrx_word' id='word_1_391' title='bbox 1556 1887 1620 1920; x_wconf 89' lang='lat' dir='ltr'><strong>Sed</strong></span> <span class='ocrx_word' id='word_1_392' title='bbox 1651 1888 1700 1921; x_wconf 87' lang='lat' dir='ltr'><strong>his</strong></span> <span class='ocrx_word' id='word_1_393' title='bbox 1730 1898 1858 1931; x_wconf 89' lang='lat' dir='ltr'><strong>quoque</strong></span> <span class='ocrx_word' id='word_1_394' title='bbox 1888 1893 1966 1926; x_wconf 87' lang='lat' dir='ltr'><strong>locis</strong></span> 
     </span>
     <span class='ocr_line' id='line_1_31' title="bbox 180 1930 1964 1979; baseline 0.008 -16"><span class='ocrx_word' id='word_1_395' title='bbox 180 1930 314 1964; x_wconf 87' lang='lat' dir='ltr'><strong>Homeri</strong></span> <span class='ocrx_word' id='word_1_396' title='bbox 337 1932 473 1965; x_wconf 89' lang='lat' dir='ltr'><strong>imitatio</strong></span> <span class='ocrx_word' id='word_1_397' title='bbox 497 1935 547 1966; x_wconf 86' lang='lat' dir='ltr'><strong>est</strong></span> <span class='ocrx_word' id='word_1_398' title='bbox 569 1932 748 1966; x_wconf 82' lang='lat' dir='ltr'><strong>manifesta.</strong></span> <span class='ocrx_word' id='word_1_399' title='bbox 788 1933 869 1966; x_wconf 85' lang='lat' dir='ltr'><strong>Nam</strong></span> <span class='ocrx_word' id='word_1_400' title='bbox 893 1934 979 1975; x_wconf 87' lang='lat' dir='ltr'><strong>quod</strong></span> <span class='ocrx_word' id='word_1_401' title='bbox 1003 1934 1121 1976; x_wconf 87' lang='lat' dir='ltr'><strong>legitur</strong></span> <span class='ocrx_word' id='word_1_402' title='bbox 1143 1936 1174 1969; x_wconf 93' lang='lat' dir='ltr'><strong>in</strong></span> <span class='ocrx_word' id='word_1_403' title='bbox 1197 1946 1226 1969; x_wconf 87' lang='lat' dir='ltr'><strong>v.</strong></span> <span class='ocrx_word' id='word_1_404' title='bbox 1245 1939 1263 1970; x_wconf 87' lang='grc'>9</span> <span class='ocrx_word' id='word_1_405' title='bbox 1288 1938 1377 1971; x_wconf 69' lang='grc' dir='ltr'><strong>κλῦθι</strong></span> <span class='ocrx_word' id='word_1_406' title='bbox 1400 1940 1477 1972; x_wconf 76' lang='grc' dir='ltr'><em>ἰδών</em></span> <span class='ocrx_word' id='word_1_407' title='bbox 1501 1941 1626 1974; x_wconf 85' lang='lat' dir='ltr'><strong>duabus</strong></span> <span class='ocrx_word' id='word_1_408' title='bbox 1650 1943 1757 1976; x_wconf 84' lang='lat' dir='ltr'><strong>causis</strong></span> <span class='ocrx_word' id='word_1_409' title='bbox 1774 1944 1852 1977; x_wconf 89' lang='lat' dir='ltr'><strong>nihil</strong></span> <span class='ocrx_word' id='word_1_410' title='bbox 1869 1946 1964 1979; x_wconf 89' lang='lat' dir='ltr'><strong>valet.</strong></span> 
     </span>
     <span class='ocr_line' id='line_1_32' title="bbox 178 1984 1965 2034; baseline 0.007 -18"><span class='ocrx_word' id='word_1_411' title='bbox 178 1984 410 2026; x_wconf 86' lang='lat' dir='ltr'><strong>Praeterquam</strong></span> <span class='ocrx_word' id='word_1_412' title='bbox 434 1984 520 2025; x_wconf 89' lang='lat' dir='ltr'><strong>quod</strong></span> <span class='ocrx_word' id='word_1_413' title='bbox 544 1984 633 2017; x_wconf 70' lang='grc' dir='ltr'><strong>κλῦθι</strong></span> <span class='ocrx_word' id='word_1_414' title='bbox 656 1986 741 2026; x_wconf 89' lang='lat' dir='ltr'><strong>apud</strong></span> <span class='ocrx_word' id='word_1_415' title='bbox 765 1985 942 2019; x_wconf 88' lang='lat' dir='ltr'><strong>Homerum</strong></span> <span class='ocrx_word' id='word_1_416' title='bbox 965 1997 1093 2029; x_wconf 87' lang='lat' dir='ltr'><strong>semper</strong></span> <span class='ocrx_word' id='word_1_417' title='bbox 1116 1989 1146 2021; x_wconf 91' lang='lat' dir='ltr'><strong>in</strong></span> <span class='ocrx_word' id='word_1_418' title='bbox 1170 1989 1262 2023; x_wconf 86' lang='lat' dir='ltr'><strong>initio</strong></span> <span class='ocrx_word' id='word_1_419' title='bbox 1295 2001 1407 2025; x_wconf 88' lang='lat' dir='ltr'><strong>versus</strong></span> <span class='ocrx_word' id='word_1_420' title='bbox 1437 1993 1556 2034; x_wconf 88' lang='lat' dir='ltr'><strong>legitur</strong></span> <span class='ocrx_word' id='word_1_421' title='bbox 1585 1996 1622 2026; x_wconf 86' lang='lat' dir='ltr'><strong>ut</strong></span> <span class='ocrx_word' id='word_1_422' title='bbox 1654 1995 1742 2027; x_wconf 85' lang='lat' dir='ltr'><strong>A37.</strong></span> <span class='ocrx_word' id='word_1_423' title='bbox 1766 1997 1826 2028; x_wconf 85' lang='lat'><strong>451</strong></span> <span class='ocrx_word' id='word_1_424' title='bbox 1865 1998 1965 2032; x_wconf 67' lang='lat'>[3115</span> 
     </span>
     <span class='ocr_line' id='line_1_33' title="bbox 179 2036 1966 2086; baseline 0.009 -19"><span class='ocrx_word' id='word_1_425' title='bbox 179 2036 209 2067; x_wconf 91' lang='lat' dir='ltr'><em>K</em></span> <span class='ocrx_word' id='word_1_426' title='bbox 218 2037 281 2069; x_wconf 89' lang='grc'><strong>278</strong></span> <span class='ocrx_word' id='word_1_427' title='bbox 305 2036 411 2069; x_wconf 73' lang='lat'><strong><em>[1514</em></strong></span> <span class='ocrx_word' id='word_1_428' title='bbox 441 2037 471 2068; x_wconf 79' lang='grc' dir='ltr'><em>Ψ</em></span> <span class='ocrx_word' id='word_1_429' title='bbox 479 2038 544 2069; x_wconf 87' lang='lat'><strong>770</strong></span> <span class='ocrx_word' id='word_1_430' title='bbox 565 2038 665 2079; x_wconf 69' lang='lat' dir='ltr'><strong>ss262</strong></span> <span class='ocrx_word' id='word_1_431' title='bbox 689 2039 761 2078; x_wconf 69' lang='lat'><strong>755</strong></span> <span class='ocrx_word' id='word_1_432' title='bbox 793 2038 888 2070; x_wconf 70' lang='lat'>3762</span> <span class='ocrx_word' id='word_1_433' title='bbox 918 2040 1011 2072; x_wconf 63' lang='lat'><strong>2445</strong></span> <span class='ocrx_word' id='word_1_434' title='bbox 1044 2041 1066 2077; x_wconf 79' lang='grc' dir='ltr'><em>ζ</em></span> <span class='ocrx_word' id='word_1_435' title='bbox 1073 2041 1138 2073; x_wconf 85' lang='grc'><strong>324</strong></span> <span class='ocrx_word' id='word_1_436' title='bbox 1167 2044 1251 2075; x_wconf 69' lang='lat'><strong>2528</strong></span> <span class='ocrx_word' id='word_1_437' title='bbox 1276 2048 1354 2081; x_wconf 82' lang='lat' dir='ltr'><strong>etc.,</strong></span> <span class='ocrx_word' id='word_1_438' title='bbox 1384 2045 1563 2086; x_wconf 84' lang='lat' dir='ltr'><strong>imperativi</strong></span> <span class='ocrx_word' id='word_1_439' title='bbox 1595 2046 1698 2080; x_wconf 83' lang='lat' dir='ltr'><strong>forma</strong></span> <span class='ocrx_word' id='word_1_440' title='bbox 1727 2049 1760 2080; x_wconf 94' lang='lat' dir='ltr'><strong>in</strong></span> <span class='ocrx_word' id='word_1_441' title='bbox 1784 2061 1793 2080; x_wconf 83' lang='lat'><em>1</em></span> <span class='ocrx_word' id='word_1_442' title='bbox 1816 2050 1966 2084; x_wconf 85' lang='lat' dir='ltr'><strong>desinens</strong></span> 
     </span>
     <span class='ocr_line' id='line_1_34' title="bbox 178 2089 1988 2139; baseline 0.008 -19"><span class='ocrx_word' id='word_1_443' title='bbox 178 2098 336 2129; x_wconf 80' lang='lat' dir='ltr'><strong>nusquam</strong></span> <span class='ocrx_word' id='word_1_444' title='bbox 360 2089 524 2123; x_wconf 85' lang='lat' dir='ltr'><strong>elisionem</strong></span> <span class='ocrx_word' id='word_1_445' title='bbox 547 2091 669 2131; x_wconf 87' lang='lat' dir='ltr'><strong>patitur</strong></span> <span class='ocrx_word' id='word_1_446' title='bbox 693 2090 745 2131; x_wconf 87' lang='lat' dir='ltr'><strong>(cf.</strong></span> <span class='ocrx_word' id='word_1_447' title='bbox 769 2091 886 2123; x_wconf 88' lang='lat' dir='ltr'><strong>Hoffm.</strong></span> <span class='ocrx_word' id='word_1_448' title='bbox 911 2096 1035 2132; x_wconf 86' lang='lat' dir='ltr'><strong>quaest.</strong></span> <span class='ocrx_word' id='word_1_449' title='bbox 1061 2093 1144 2126; x_wconf 88' lang='lat' dir='ltr'><strong>hom.</strong></span> <span class='ocrx_word' id='word_1_450' title='bbox 1169 2096 1187 2136; x_wconf 61' lang='grc' dir='ltr'><strong>ς</strong></span> <span class='ocrx_word' id='word_1_451' title='bbox 1212 2096 1254 2127; x_wconf 88' lang='grc'><strong>64</strong></span> <span class='ocrx_word' id='word_1_452' title='bbox 1264 2096 1308 2135; x_wconf 91' lang='lat' dir='ltr'><strong>b).</strong></span> <span class='ocrx_word' id='word_1_453' title='bbox 1353 2096 1390 2128; x_wconf 95' lang='lat' dir='ltr'><strong>Id</strong></span> <span class='ocrx_word' id='word_1_454' title='bbox 1415 2108 1543 2139; x_wconf 86' lang='lat' dir='ltr'><strong>quoque</strong></span> <span class='ocrx_word' id='word_1_455' title='bbox 1565 2099 1704 2132; x_wconf 78' lang='lat' dir='ltr'><strong>fortasse</strong></span> <span class='ocrx_word' id='word_1_456' title='bbox 1727 2101 1813 2133; x_wconf 87' lang='lat' dir='ltr'><strong>hunc</strong></span> <span class='ocrx_word' id='word_1_457' title='bbox 1843 2089 1988 2135; x_wconf 69' lang='lat' dir='ltr'><strong>hiatum‘</strong></span> 
     </span>
     <span class='ocr_line' id='line_1_35' title="bbox 178 2142 1966 2188; baseline 0.008 -16"><span class='ocrx_word' id='word_1_458' title='bbox 178 2143 318 2181; x_wconf 87' lang='lat' dir='ltr'><strong>excusat,</strong></span> <span class='ocrx_word' id='word_1_459' title='bbox 342 2142 429 2182; x_wconf 86' lang='lat' dir='ltr'><strong>quod</strong></span> <span class='ocrx_word' id='word_1_460' title='bbox 452 2142 484 2175; x_wconf 93' lang='lat' dir='ltr'><strong>in</strong></span> <span class='ocrx_word' id='word_1_461' title='bbox 508 2143 601 2183; x_wconf 88' lang='lat' dir='ltr'><strong>primi</strong></span> <span class='ocrx_word' id='word_1_462' title='bbox 624 2143 714 2183; x_wconf 87' lang='lat' dir='ltr'><strong>pedis</strong></span> <span class='ocrx_word' id='word_1_463' title='bbox 738 2142 822 2175; x_wconf 84' lang='lat' dir='ltr'><strong>thesi</strong></span> <span class='ocrx_word' id='word_1_464' title='bbox 846 2144 998 2185; x_wconf 75' lang='lat' dir='ltr'><strong>maiorem</strong></span> <span class='ocrx_word' id='word_1_465' title='bbox 1022 2145 1182 2179; x_wconf 88' lang='lat' dir='ltr'><strong>licentiam</strong></span> <span class='ocrx_word' id='word_1_466' title='bbox 1205 2147 1238 2179; x_wconf 92' lang='lat' dir='ltr'><strong>in</strong></span> <span class='ocrx_word' id='word_1_467' title='bbox 1262 2147 1352 2181; x_wconf 86' lang='lat' dir='ltr'><strong>hiatu</strong></span> <span class='ocrx_word' id='word_1_468' title='bbox 1375 2148 1509 2183; x_wconf 82' lang='lat' dir='ltr'><strong>ferendo</strong></span> <span class='ocrx_word' id='word_1_469' title='bbox 1531 2152 1767 2185; x_wconf 85' lang='lat' dir='ltr'><strong>concedendam</strong></span> <span class='ocrx_word' id='word_1_470' title='bbox 1791 2164 1861 2188; x_wconf 86' lang='lat' dir='ltr'><strong>esse</strong></span> <span class='ocrx_word' id='word_1_471' title='bbox 1877 2154 1966 2187; x_wconf 85' lang='lat' dir='ltr'><strong>Hoff-</strong></span> 
     </span>
     <span class='ocr_line' id='line_1_36' title="bbox 177 2194 812 2236; baseline 0.003 -11"><span class='ocrx_word' id='word_1_472' title='bbox 177 2202 316 2226; x_wconf 85' lang='lat' dir='ltr'><strong>mannus</strong></span> <span class='ocrx_word' id='word_1_473' title='bbox 338 2194 373 2235; x_wconf 90' lang='lat' dir='ltr'><strong>(l.</strong></span> <span class='ocrx_word' id='word_1_474' title='bbox 397 2203 423 2227; x_wconf 90' lang='lat' dir='ltr'><strong>c.</strong></span> <span class='ocrx_word' id='word_1_475' title='bbox 448 2195 467 2236; x_wconf 84' lang='lat'>§</span> <span class='ocrx_word' id='word_1_476' title='bbox 490 2195 546 2236; x_wconf 85' lang='lat'><strong>47)</strong></span> <span class='ocrx_word' id='word_1_477' title='bbox 571 2195 812 2228; x_wconf 86' lang='lat' dir='ltr'><strong>demonstravit.</strong></span> 
     </span>
    </p>

    <p class='ocr_par' dir='ltr' id='par_1_11' title="bbox 175 2245 1965 2561">
     <span class='ocr_line' id='line_1_37' title="bbox 333 2245 1965 2302; baseline 0.01 -23"><span class='ocrx_word' id='word_1_478' title='bbox 333 2245 406 2280; x_wconf 91' lang='lat' dir='ltr'><strong>Duo</strong></span> <span class='ocrx_word' id='word_1_479' title='bbox 429 2246 475 2280; x_wconf 90' lang='lat' dir='ltr'><strong>illi</strong></span> <span class='ocrx_word' id='word_1_480' title='bbox 498 2247 569 2288; x_wconf 90' lang='lat' dir='ltr'><strong>loci,</strong></span> <span class='ocrx_word' id='word_1_481' title='bbox 594 2247 649 2289; x_wconf 93' lang='lat' dir='ltr'><strong>qui</strong></span> <span class='ocrx_word' id='word_1_482' title='bbox 673 2250 806 2286; x_wconf 85' lang='lat' dir='ltr'><strong>restant,</strong></span> <span class='ocrx_word' id='word_1_483' title='bbox 830 2251 907 2282; x_wconf 88' lang='lat' dir='ltr'><strong>sunt</strong></span> <span class='ocrx_word' id='word_1_484' title='bbox 929 2249 977 2282; x_wconf 90' lang='lat' dir='ltr'><strong>hi:</strong></span> <span class='ocrx_word' id='word_1_485' title='bbox 1013 2260 1041 2282; x_wconf 91' lang='lat' dir='ltr'><strong>v.</strong></span> <span class='ocrx_word' id='word_1_486' title='bbox 1068 2249 1106 2281; x_wconf 87' lang='grc'>21</span> <span class='ocrx_word' id='word_1_487' title='bbox 1135 2251 1178 2289; x_wconf 80' lang='grc' dir='ltr'><strong>τίς</strong></span> <span class='ocrx_word' id='word_1_488' title='bbox 1202 2264 1236 2283; x_wconf 82' lang='grc' dir='ltr'><strong>τε</strong></span> <span class='ocrx_word' id='word_1_489' title='bbox 1259 2252 1336 2285; x_wconf 76' lang='grc' dir='ltr'><strong>ἷὸών</strong></span> <span class='ocrx_word' id='word_1_490' title='bbox 1361 2256 1393 2287; x_wconf 86' lang='lat' dir='ltr'><strong>et</strong></span> <span class='ocrx_word' id='word_1_491' title='bbox 1417 2264 1446 2287; x_wconf 89' lang='lat' dir='ltr'><strong>v.</strong></span> <span class='ocrx_word' id='word_1_492' title='bbox 1471 2255 1534 2287; x_wconf 88' lang='grc'><strong>267</strong></span> <span class='ocrx_word' id='word_1_493' title='bbox 1561 2253 1668 2289; x_wconf 67' lang='grc' dir='ltr'><em>πάντα</em></span> <span class='ocrx_word' id='word_1_494' title='bbox 1692 2256 1783 2291; x_wconf 74' lang='grc' dir='ltr'><strong>ἰδών.</strong></span> <span class='ocrx_word' id='word_1_495' title='bbox 1808 2271 1843 2292; x_wconf 87' lang='grc' dir='ltr'><strong>τε</strong></span> <span class='ocrx_word' id='word_1_496' title='bbox 1867 2262 1965 2302; x_wconf 85' lang='lat' dir='ltr'><strong>parti—</strong></span> 
     </span>
     <span class='ocr_line' id='line_1_38' title="bbox 177 2298 1965 2356; baseline 0.01 -26"><span class='ocrx_word' id='word_1_497' title='bbox 177 2298 279 2331; x_wconf 88' lang='lat' dir='ltr'><strong>culam</strong></span> <span class='ocrx_word' id='word_1_498' title='bbox 302 2299 349 2332; x_wconf 86' lang='lat' dir='ltr'><strong>ita</strong></span> <span class='ocrx_word' id='word_1_499' title='bbox 371 2300 508 2340; x_wconf 86' lang='lat' dir='ltr'><strong>positam</strong></span> <span class='ocrx_word' id='word_1_500' title='bbox 531 2302 615 2342; x_wconf 82' lang='lat' dir='ltr'><strong>apud</strong></span> <span class='ocrx_word' id='word_1_501' title='bbox 638 2300 812 2335; x_wconf 88' lang='lat' dir='ltr'><strong>Homerum</strong></span> <span class='ocrx_word' id='word_1_502' title='bbox 844 2302 970 2336; x_wconf 90' lang='lat' dir='ltr'><strong>duobus</strong></span> <span class='ocrx_word' id='word_1_503' title='bbox 998 2303 1077 2337; x_wconf 88' lang='lat' dir='ltr'><strong>locis</strong></span> <span class='ocrx_word' id='word_1_504' title='bbox 1105 2304 1213 2338; x_wconf 87' lang='lat' dir='ltr'><strong>inveni</strong></span> <span class='ocrx_word' id='word_1_505' title='bbox 1240 2306 1372 2351; x_wconf 66' lang='grc' dir='ltr'><em>ῥίγησέν</em></span> <span class='ocrx_word' id='word_1_506' title='bbox 1398 2320 1430 2339; x_wconf 85' lang='grc' dir='ltr'><strong>τε</strong></span> <span class='ocrx_word' id='word_1_507' title='bbox 1455 2308 1536 2341; x_wconf 77' lang='grc' dir='ltr'><strong>ἰδών</strong></span> <span class='ocrx_word' id='word_1_508' title='bbox 1561 2311 1660 2343; x_wconf 86' lang='grc' dir='ltr'><strong>Δ279</strong></span> <span class='ocrx_word' id='word_1_509' title='bbox 1684 2314 1717 2344; x_wconf 89' lang='lat' dir='ltr'><strong>et</strong></span> <span class='ocrx_word' id='word_1_510' title='bbox 1741 2312 1820 2356; x_wconf 79' lang='grc' dir='ltr'><strong>νῆάς</strong></span> <span class='ocrx_word' id='word_1_511' title='bbox 1845 2326 1877 2346; x_wconf 81' lang='grc' dir='ltr'><strong>τε</strong></span> <span class='ocrx_word' id='word_1_512' title='bbox 1901 2314 1965 2347; x_wconf 76' lang='grc' dir='ltr'><strong>ἴδοι</strong></span> 
     </span>
     <span class='ocr_line' id='line_1_39' title="bbox 176 2351 1964 2405; baseline 0.01 -22"><span class='ocrx_word' id='word_1_513' title='bbox 176 2351 206 2383; x_wconf 86' lang='lat' dir='ltr'><em>K</em></span> <span class='ocrx_word' id='word_1_514' title='bbox 216 2352 271 2394; x_wconf 82' lang='lat'><strong>143</strong></span> <span class='ocrx_word' id='word_1_515' title='bbox 295 2362 370 2385; x_wconf 83' lang='lat' dir='ltr'><strong>nam</strong></span> <span class='ocrx_word' id='word_1_516' title='bbox 392 2352 488 2395; x_wconf 84' lang='lat' dir='ltr'><strong>longe</strong></span> <span class='ocrx_word' id='word_1_517' title='bbox 510 2354 656 2395; x_wconf 85' lang='lat' dir='ltr'><strong>plurimis</strong></span> <span class='ocrx_word' id='word_1_518' title='bbox 678 2353 764 2395; x_wconf 87' lang='lat' dir='ltr'><strong>locis,</strong></span> <span class='ocrx_word' id='word_1_519' title='bbox 788 2355 843 2388; x_wconf 87' lang='lat' dir='ltr'><strong>ubi</strong></span> <span class='ocrx_word' id='word_1_520' title='bbox 867 2356 899 2388; x_wconf 93' lang='lat' dir='ltr'><strong>in</strong></span> <span class='ocrx_word' id='word_1_521' title='bbox 923 2356 1034 2389; x_wconf 86' lang='lat' dir='ltr'><strong>aoristi</strong></span> <span class='ocrx_word' id='word_1_522' title='bbox 1058 2356 1169 2391; x_wconf 87' lang='lat' dir='ltr'><strong>formis</strong></span> <span class='ocrx_word' id='word_1_523' title='bbox 1194 2359 1356 2400; x_wconf 89' lang='lat' dir='ltr'><strong>digamma</strong></span> <span class='ocrx_word' id='word_1_524' title='bbox 1372 2365 1536 2395; x_wconf 87' lang='lat' dir='ltr'><strong>servatum</strong></span> <span class='ocrx_word' id='word_1_525' title='bbox 1552 2373 1623 2397; x_wconf 87' lang='lat' dir='ltr'><strong>esse</strong></span> <span class='ocrx_word' id='word_1_526' title='bbox 1640 2364 1777 2405; x_wconf 88' lang='lat' dir='ltr'><strong>videtur,</strong></span> <span class='ocrx_word' id='word_1_527' title='bbox 1801 2368 1964 2401; x_wconf 83' lang='lat' dir='ltr'><strong>antecedit</strong></span> 
     </span>
     <span class='ocr_line' id='line_1_40' title="bbox 176 2403 1965 2457; baseline 0.009 -20"><span class='ocrx_word' id='word_1_528' title='bbox 176 2407 233 2437; x_wconf 83' lang='lat' dir='ltr'><strong>aut</strong></span> <span class='ocrx_word' id='word_1_529' title='bbox 256 2403 383 2448; x_wconf 72' lang='grc' dir='ltr'><em>ὑπόδρα</em></span> <span class='ocrx_word' id='word_1_530' title='bbox 406 2409 464 2439; x_wconf 89' lang='lat' dir='ltr'><strong>aut</strong></span> <span class='ocrx_word' id='word_1_531' title='bbox 487 2403 577 2449; x_wconf 81' lang='grc' dir='ltr'><em>ὄφρα</em></span> <span class='ocrx_word' id='word_1_532' title='bbox 599 2409 657 2439; x_wconf 87' lang='lat' dir='ltr'><strong>aut</strong></span> <span class='ocrx_word' id='word_1_533' title='bbox 680 2406 790 2450; x_wconf 69' lang='grc' dir='ltr'><em>θαῦμα</em></span> <span class='ocrx_word' id='word_1_534' title='bbox 812 2410 870 2441; x_wconf 92' lang='lat' dir='ltr'><strong>aut</strong></span> <span class='ocrx_word' id='word_1_535' title='bbox 892 2408 945 2449; x_wconf 81' lang='grc' dir='ltr'><strong>δέ;</strong></span> <span class='ocrx_word' id='word_1_536' title='bbox 969 2410 1148 2443; x_wconf 87' lang='lat' dir='ltr'><strong>simillimas</strong></span> <span class='ocrx_word' id='word_1_537' title='bbox 1163 2413 1272 2445; x_wconf 86' lang='lat' dir='ltr'><strong>autem</strong></span> <span class='ocrx_word' id='word_1_538' title='bbox 1290 2413 1376 2446; x_wconf 88' lang='lat' dir='ltr'><strong>inter</strong></span> <span class='ocrx_word' id='word_1_539' title='bbox 1391 2423 1426 2447; x_wconf 90' lang='lat' dir='ltr'><strong>se</strong></span> <span class='ocrx_word' id='word_1_540' title='bbox 1442 2424 1513 2448; x_wconf 87' lang='lat' dir='ltr'><strong>esse</strong></span> <span class='ocrx_word' id='word_1_541' title='bbox 1528 2416 1703 2457; x_wconf 85' lang='lat' dir='ltr'><strong>particulas</strong></span> <span class='ocrx_word' id='word_1_542' title='bbox 1720 2417 1754 2449; x_wconf 80' lang='grc' dir='ltr'><strong>τέ</strong></span> <span class='ocrx_word' id='word_1_543' title='bbox 1770 2421 1803 2451; x_wconf 87' lang='lat' dir='ltr'><strong>et</strong></span> <span class='ocrx_word' id='word_1_544' title='bbox 1818 2418 1855 2450; x_wconf 79' lang='grc' dir='ltr'><strong>δέ</strong></span> <span class='ocrx_word' id='word_1_545' title='bbox 1871 2430 1965 2454; x_wconf 86' lang='lat' dir='ltr'><strong>nemo</strong></span> 
     </span>
     <span class='ocr_line' id='line_1_41' title="bbox 175 2456 1962 2512; baseline 0.009 -24"><span class='ocrx_word' id='word_1_546' title='bbox 175 2457 316 2497; x_wconf 82' lang='lat' dir='ltr'><strong>negabit.</strong></span> <span class='ocrx_word' id='word_1_547' title='bbox 352 2458 389 2490; x_wconf 93' lang='lat' dir='ltr'><strong>V.</strong></span> <span class='ocrx_word' id='word_1_548' title='bbox 404 2459 466 2490; x_wconf 84' lang='grc'><strong>267</strong></span> <span class='ocrx_word' id='word_1_549' title='bbox 491 2456 593 2491; x_wconf 82' lang='grc' dir='ltr'><em>πάντα</em></span> <span class='ocrx_word' id='word_1_550' title='bbox 617 2458 707 2491; x_wconf 73' lang='grc' dir='ltr'><strong><em>ἰδών.</em></strong></span> <span class='ocrx_word' id='word_1_551' title='bbox 742 2459 899 2498; x_wconf 83' lang='lat' dir='ltr'><strong>Quamvis</strong></span> <span class='ocrx_word' id='word_1_552' title='bbox 924 2461 974 2494; x_wconf 88' lang='lat' dir='ltr'><strong>hic</strong></span> <span class='ocrx_word' id='word_1_553' title='bbox 996 2471 1125 2503; x_wconf 89' lang='lat' dir='ltr'><strong>quoque</strong></span> <span class='ocrx_word' id='word_1_554' title='bbox 1148 2465 1261 2497; x_wconf 84' lang='lat' dir='ltr'><strong>eadem</strong></span> <span class='ocrx_word' id='word_1_555' title='bbox 1277 2468 1443 2500; x_wconf 84' lang='lat' dir='ltr'><strong>excusatio</strong></span> <span class='ocrx_word' id='word_1_556' title='bbox 1459 2468 1574 2508; x_wconf 84' lang='lat' dir='ltr'><strong>valeat,</strong></span> <span class='ocrx_word' id='word_1_557' title='bbox 1599 2479 1682 2510; x_wconf 88' lang='lat' dir='ltr'><strong>quae</strong></span> <span class='ocrx_word' id='word_1_558' title='bbox 1698 2471 1729 2502; x_wconf 89' lang='lat' dir='ltr'><strong>in</strong></span> <span class='ocrx_word' id='word_1_559' title='bbox 1747 2481 1775 2502; x_wconf 90' lang='lat' dir='ltr'><strong>v.</strong></span> <span class='ocrx_word' id='word_1_560' title='bbox 1794 2472 1813 2503; x_wconf 87' lang='lat'>9</span> <span class='ocrx_word' id='word_1_561' title='bbox 1831 2471 1962 2512; x_wconf 83' lang='lat' dir='ltr'><strong>(Hoffm.</strong></span> 
     </span>
     <span class='ocr_line' id='line_1_42' title="bbox 175 2509 1963 2561; baseline 0.009 -21"><span class='ocrx_word' id='word_1_562' title='bbox 175 2509 194 2550; x_wconf 63' lang='grc' dir='ltr'>ξ</span> <span class='ocrx_word' id='word_1_563' title='bbox 217 2509 289 2551; x_wconf 88' lang='grc'>47),</span> <span class='ocrx_word' id='word_1_564' title='bbox 320 2511 427 2543; x_wconf 88' lang='lat' dir='ltr'><strong>tamen</strong></span> <span class='ocrx_word' id='word_1_565' title='bbox 451 2511 634 2544; x_wconf 83' lang='lat' dir='ltr'><strong>conferatur</strong></span> <span class='ocrx_word' id='word_1_566' title='bbox 656 2511 820 2545; x_wconf 88' lang='lat' dir='ltr'><strong>simillima</strong></span> <span class='ocrx_word' id='word_1_567' title='bbox 843 2512 988 2554; x_wconf 86' lang='lat' dir='ltr'><strong>formula,</strong></span> <span class='ocrx_word' id='word_1_568' title='bbox 1012 2524 1095 2556; x_wconf 87' lang='lat' dir='ltr'><strong>quae</strong></span> <span class='ocrx_word' id='word_1_569' title='bbox 1118 2516 1204 2557; x_wconf 86' lang='lat' dir='ltr'><strong>apud</strong></span> <span class='ocrx_word' id='word_1_570' title='bbox 1227 2518 1402 2552; x_wconf 86' lang='lat' dir='ltr'><strong>Homerum</strong></span> <span class='ocrx_word' id='word_1_571' title='bbox 1432 2520 1560 2561; x_wconf 89' lang='lat' dir='ltr'><strong>saepius</strong></span> <span class='ocrx_word' id='word_1_572' title='bbox 1590 2522 1748 2555; x_wconf 86' lang='lat' dir='ltr'><strong>occurrit:</strong></span> <span class='ocrx_word' id='word_1_573' title='bbox 1780 2523 1859 2555; x_wconf 81' lang='grc' dir='ltr'><em>ἄντα</em></span> <span class='ocrx_word' id='word_1_574' title='bbox 1883 2523 1963 2556; x_wconf 79' lang='grc' dir='ltr'><strong>ἰδών</strong></span> 
     </span>
    </p>
   </div>
  </div>
 </body>
</html>
