2384 3063
1152 292 1370 324 —14-

521 387 612 427 Quae
643 395 743 428 quum
775 387 822 420 ita
851 388 933 426 sint,
967 395 1060 419 nemo
1091 386 1276 425 mirabitur,
1312 387 1398 427 quod
1429 395 1592 428 perpauca
1620 386 1825 427 digammatis
1859 386 1997 428 vestigia
2031 386 2063 419 in
2099 387 2160 420 hac

363 441 456 479 parte
480 438 643 480 leguntur.

523 509 550 541 Ι.
590 510 659 542 Iam
683 512 759 543 ante
782 509 982 551 pronominis
1006 509 1056 543 111
1080 518 1164 551 pers.
1189 508 1324 543 formam
1349 510 1377 540 οἱ
1400 509 1563 551 correptio
1586 510 1765 551 particulae
1787 510 1850 553 γάρ
1867 510 1899 543 in
1916 520 1946 543 v.
1963 509 2028 543 526
2044 508 2081 541 οὐ
2097 510 2160 552 γάρ

363 561 440 603 02¹⁵)
464 562 506 595 ab
530 571 592 595 usu
618 563 791 596 Homerico
813 563 1011 597 alienissima
1042 566 1101 596 est.
1146 561 1229 595 Nam
1261 571 1455 604 quamquam
1484 562 1581 604 vulgo
1611 562 1726 596 breves
1756 563 1900 605 syllabae
1927 563 1960 596 in
1988 570 2161 596 consonam

364 614 548 647 desinentes
579 615 696 647 initiali
728 615 816 648 vocis
846 615 1045 657 insequentis
1073 614 1268 655 digammate
1300 623 1363 646 non
1394 615 1618 655 producuntur
1649 615 1701 655 (cf.
1727 615 1843 647 Hoffm.
1867 618 1994 656 quaest.
2017 615 2102 647 hom.
2120 614 2160 646 11.

363 676 394 706 p.
412 666 479 707 68),
504 669 611 699 tamen
637 668 669 699 in
693 667 883 708 pronomine
907 668 936 698 οἱ
958 670 992 700 et
1013 666 1046 699 in
1069 666 1200 699 vocibus
1223 666 1265 698 ad
1289 665 1430 699 radicem
1440 666 1500 707 fed
1521 667 1758 708 pertinentibus
1774 666 1886 700 littera
1901 667 1957 699 illa
1971 666 2162 708 positionem

364 717 471 751 efficit.
496 718 550 759 (cf.
576 717 703 751 Hartel.
728 718 824 752 Hom.
849 719 942 752 Stud.
961 720 1008 752 111
1032 720 1097 760 72.)
1134 719 1249 760 Itaque
1272 718 1477 751 Hermannus
1501 719 1615 760 (Orph.
1641 729 1714 760 pag.
1731 719 1809 760 780)
1834 718 1910 750 οὐδέ
1925 719 1954 750 οἱ
1969 729 2028 760 pro
2044 717 2082 750 οὐ
2099 718 2161 760 γάρ

364 770 393 800 οἱ
416 770 514 802 scribi
538 770 617 803 vult.
654 770 718 803 Sed
742 771 823 804 haec
846 772 1008 804 sententia
1031 771 1107 804 mihi
1129 769 1304 803 refellenda
1327 779 1398 803 esse
1414 770 1553 804 videtur.
1588 772 1729 804 Primum
1746 771 1830 804 enim
1847 779 1945 812 quum
1961 772 2038 803 ante
2053 778 2162 802 vocem

364 822 393 852 οἱ
416 822 525 854 hiatus
549 823 592 854 sit
616 821 850 856 usitatissimus
874 823 1096 865 apud‘poetas
1119 823 1235 863 epicos,
1261 821 1389 855 difficile
1413 826 1463 855 est
1485 822 1668 862 intellectu,
1699 833 1757 856 cur
1779 822 1902 856 librarii
1925 821 1986 855 hoc
2017 821 2105 861 loco,
2133 819 2162 853 si

365 873 442 904 οὐδέ
466 873 495 904 οἱ
518 874 685 914 legissent,
709 874 755 907 ita
778 874 998 914 offendissent,
1023 877 1060 907 ut
1083 875 1181 907 verba
1204 874 1360 907 mutanda
1382 883 1453 907 esse
1476 875 1724 907 arbitrarentur.
1759 874 1882 907 Deinde
1905 882 2015 906 omnes
2036 873 2162 906 codices

364 925 425 958 hoc
448 925 519 958 loco
543 927 759 959 consentiunt.
806 927 950 959 Tertium
974 930 1083 959 autem
1106 927 1134 959 si
1157 936 1196 958 ex
1218 935 1279 959 usu
1302 926 1461 959 Hesiodeo
1484 927 1604 968 aliquid
1628 927 1820 960 concludere
1843 926 1954 966 liceat,
1977 926 2041 958 iam
2064 933 2164 966 supra

365 977 662 1011 demonstravimus
686 978 774 1011 nullo
798 979 869 1011 loco
892 982 1016 1011 certum
1042 978 1247 1019 digammatis
1270 979 1396 1020 signum
1419 978 1565 1011 inveniri.
1601 977 1716 1020 ltaque
1739 989 1779 1012 ne
1802 978 1881 1011 illud
1905 978 2035 1019 quidem
2051 987 2163 1011 conce-

365 1029 507 1063 dendum
537 1034 602 1070 est,
631 1030 719 1072 quod
743 1030 963 1072 Goettlingius
994 1032 1025 1064 in
1049 1031 1258 1064 annotatione
1286 1031 1381 1064 huius
1408 1031 1471 1064 loci
1495 1031 1572 1064 dicit
1598 1035 1796 1072 »correptam
1822 1031 1884 1073 γάρ
1907 1031 2063 1072 syllabam
2087 1033 2163 1063 ante

367 1082 405 1122 οἱ,
428 1083 515 1123 quod
537 1083 657 1116 habeat
681 1083 851 1124 digamma,
876 1084 1026 1117 indicium
1051 1093 1122 1116 esse
1147 1084 1278 1116 serioris
1302 1083 1448 1116 aetatis.-
1487 1083 1598 1124 Neque
1615 1084 1745 1116 Flachio
1768 1083 1920 1116 assentiri
1943 1092 2084 1124 possum,
2107 1081 2162 1123 qui

368 1133 539 1167 Steitzium
564 1138 696 1167 secutus
719 1135 803 1168 hunc
827 1145 955 1168 versum
980 1136 1152 1177 praecipue
1176 1136 1216 1168 ob
1241 1135 1403 1176 digamma
1426 1136 1604 1177 neglectum
1629 1145 1700 1168 esse
1723 1135 1910 1169 additicium
1927 1137 2046 1169 censet.
2080 1134 2162 1167 Nam

365 1187 393 1219 si
416 1187 458 1220 ob
481 1196 553 1220 eam
575 1197 706 1220 causam
728 1191 787 1220 aut
809 1188 894 1228 quod
918 1188 1038 1229 aliquid
1063 1187 1151 1220 aliud
1175 1188 1379 1229 prosodicum
1403 1188 1610 1221 metricumve
1633 1198 1691 1221 nos
1718 1188 1852 1221 offendit
1879 1187 2019 1229 aliquem
2035 1195 2164 1220 versum

365 1239 452 1280 apud
475 1238 653 1271 Hesiodum
683 1248 741 1280 pro
771 1240 881 1281 spurio
913 1239 1096 1272 habendum
1126 1249 1197 1272 esse
1228 1248 1432 1272 censeamus:
1468 1239 1554 1272 haud
1584 1240 1719 1272 multum
1747 1240 1858 1279 abest,
1889 1239 1965 1281 quin
1994 1240 2165 1272 evanescat

364 1291 536 1325 Hesiodus.

524 1343 586 1377 Vix
609 1349 660 1378 est
682 1346 769 1386 quod
793 1346 911 1378 addam
935 1346 968 1378 in
992 1346 1180 1386 pronomine
1204 1344 1386 1386 possessivo
1410 1344 1618 1385 digammatis
1639 1345 1810 1385 vestigium
1827 1344 1948 1376 nullum
1966 1353 2038 1377 esse
2053 1353 2082 1376 v.
2100 1343 2164 1375 524

364 1394 410 1427 ὅτ’
435 1394 590 1434 ἀνόστεος
614 1396 651 1428 ὃν
675 1396 760 1429 πόδα
784 1397 896 1429 τένδει.

524 1466 564 1498 Π.
602 1467 737 1500 Formae
761 1477 844 1509 quae
867 1467 908 1500 ad
932 1467 1072 1500 radicem
1091 1467 1151 1509 Ῐιδ
1173 1468 1345 1508 pertinent,
1370 1468 1434 1500 duo
1458 1467 1681 1499 tantummodo
1705 1466 1912 1507 reperiuntur
1933 1465 2037 1499 altera
2052 1475 2082 1498 v.
2098 1466 2163 1498 456

366 1518 476 1561 νήπιος
499 1517 577 1549 οὐδὲ
602 1518 665 1560 τόγ’
690 1518 760 1552 οἶδ’.
797 1520 999 1560 Quamquam
1023 1520 1083 1553 hoc
1108 1520 1175 1553 loco
1199 1519 1344 1557 offensio,
1367 1528 1463 1560 quam
1488 1518 1579 1551 elisio
1603 1517 1764 1551 nonnullis
1787 1517 1951 1560 praebuit,
1974 1516 2112 1554 tollitur,
2135 1517 2163 1550 si

366 1568 603 1612 Hermannum,
636 1572 691 1614 qui
716 1572 884 1614 proposuit
907 1573 942 1604 τὸ
967 1571 1036 1612 οἷδ’,
1067 1572 1233 1615 sequimur
1256 1576 1364 1605 tamen
1389 1572 1430 1605 de
1453 1571 1649 1613 digammate
1679 1571 1757 1604 nihil
1788 1569 1895 1612 colligi
1923 1573 2047 1612 potest,
2077 1570 2162 1611 quod

366 1625 470 1655 totum
495 1624 599 1657 locum
624 1634 662 1656 ex
686 1625 827 1657 Homero
850 1624 981 1657 fluxisse
1010 1634 1110 1666 supra
1141 1625 1367 1658 demonstravi.
1416 1624 1528 1657 Altera
1555 1632 1684 1664 quoque
1711 1623 1815 1656 forma
1837 1632 1866 1655 v.
1883 1623 1945 1655 521
1972 1621 2038 1665 ἔργ’
2063 1622 2164 1653 εἰδυῖα

365 1673 399 1706 in
422 1673 560 1707 formula
582 1675 747 1708 homerica
770 1679 929 1717 usurpata
952 1679 1012 1715 est,
1035 1677 1172 1716 ideoque
1196 1686 1236 1710 ne
1259 1679 1329 1709 tum
1351 1676 1481 1717 quidem
1506 1676 1546 1708 de
1562 1675 1758 1717 digammate
1774 1675 1908 1716 cogitari
1924 1677 2042 1715 potest,
2065 1683 2163 1716 quum

366 1729 403 1759 ut
426 1725 555 1767 plurimi
579 1727 779 1760 recentiores
803 1727 947 1761 editores
972 1727 1052 1771 ἔργα
1075 1728 1163 1766 ἰδυῖα,
1182 1728 1361 1762 scribimus.

526 1796 586 1829 ΙΙΙ.
623 1796 758 1838 Saepius
782 1799 814 1830 in
839 1798 898 1831 hac
922 1802 1015 1839 parte
1039 1798 1179 1832 occurrit
1202 1808 1316 1831 nomen
1340 1796 1446 1840 ἔργον.
1493 1797 1557 1830 Sed
1581 1797 1631 1829 his
1654 1797 1732 1830 locis
1761 1796 1923 1838 digamma
1953 1795 2049 1829 huius
2078 1795 2164 1829 vocis

368 1858 500 1889 prorsus
525 1849 707 1891 neglectum
732 1854 798 1883 est:
834 1861 863 1883 v.
881 1851 945 1883 409
967 1850 1085 1895 μινύθῃ
1110 1850 1147 1883 δέ
1172 1863 1218 1883 τοι
1242 1849 1346 1893 ἔργον.
1381 1859 1410 1882 v.
1427 1849 1492 1881 412
1514 1848 1632 1892 μελέτη
1656 1847 1693 1880 δέ
1718 1860 1764 1880 τοι
1787 1847 1892 1891 ἔργον.
1930 1857 1958 1880 v.
1976 1848 2040 1880 422
2065 1847 2164 1890 ὥριον

370 1899 476 1943 ἔργον.
512 1912 540 1933 V.
560 1903 623 1934 579
649 1903 808 1945 προφέρει
832 1903 869 1934 δὲ
893 1905 942 1934 καὶ
965 1903 1071 1946 ἔργου.
1107 1904 1253 1942 Quatuor
1276 1905 1385 1935 autem
1408 1902 1487 1935 locis
1513 1902 1577 1942 (vv.
1594 1901 1670 1932 440.
1695 1901 1770 1932 444.
1788 1900 1862 1933 521.
1880 1901 1959 1941 554)
1983 1898 2163 1941 particulae

369 1953 529 1994 quaedam
558 1955 603 1986 ita
627 1954 762 1987 sormam
795 1954 890 1997 ἔργον
921 1956 1131 1995 antecedunt,
1163 1959 1200 1988 ut
1228 1955 1272 1987 sit
1300 1953 1457 1987 vocalium
1487 1962 1663 1986 concursus
1693 1955 1726 1985 et
1755 1952 1961 1993 digammatis
1991 1950 2164 1992 vestigium

369 2008 533 2037 servatum
559 2015 630 2039 esse
655 2006 813 2039 videatur.
862 2007 925 2040 Sed
958 2007 1032 2039 τάδε
1061 2006 1155 2050 ἔργον
1185 2007 1303 2048 legitur
1334 2006 1420 2047 apud
1445 2005 1620 2038 Homerum
1645 2004 1673 2036 K
1682 2004 1746 2037 303
1771 2004 1855 2041 566.
1901 2003 2038 2045 Saepius
2067 2002 2164 2036 etiam

370 2056 448 2088 τάδε
472 2055 552 2100 ἔργα
576 2058 608 2090 in
634 2057 696 2091 fine
720 2068 834 2092 versus
858 2059 960 2093 8252
985 2060 1008 2091 Δ
1022 2060 1062 2092 14
1087 2059 1142 2092 89
1167 2063 1227 2092 etc.
1274 2059 1355 2092 Item
1380 2058 1429 2090 ἐπὶ
1453 2057 1540 2101 ἔργῳ
1564 2057 1651 2099 apud
1675 2056 1851 2090 Homerum
1875 2056 2040 2089 invenitur
2062 2054 2164 2089 Λ258

370 2109 466 2140 π111
492 2109 515 2139 Δ
530 2109 603 2142 175.
636 2127 679 2132 -
707 2120 736 2142 v.
761 2111 822 2143 521
850 2110 938 2143 οὔπω
962 2110 1029 2155 ἔργ’
1053 2121 1073 2144 a
1097 2111 1330 2145 consuetudine
1352 2111 1516 2144 homerica
1539 2110 1707 2150 abhorret,
1739 2109 1796 2142 sed
1825 2108 1945 2143 vocalis
1968 2120 1996 2140 ω
2019 2110 2051 2142 in
2080 2107 2164 2142 thesi

370 2171 431 2194 non
456 2165 606 2203 correpta
631 2166 755 2196 certum
781 2164 983 2206 digammatis
1007 2164 1178 2206 vestigium
1203 2173 1265 2197 non
1290 2166 1340 2196 est
1367 2163 1420 2204 (cf.
1445 2163 1569 2196 Hartel.
1594 2162 1681 2195 stud.
1705 2161 1800 2195 Hom.
1817 2161 1863 2193 II.
1887 2162 1928 2194 25
1942 2161 2004 2203 sq.)
2050 2161 2165 2194 Restat

372 2223 455 2246 unus
479 2213 570 2246 locus
595 2224 623 2246 v.
642 2216 707 2248 554
732 2217 785 2248 τὸν
803 2217 971 2259 φθάμενος
988 2216 1083 2259 ἔργον
1102 2216 1240 2255 τελέσας,
1265 2217 1358 2249 cuius
1375 2216 1537 2256 exemplar
1553 2215 1638 2256 apud
1657 2215 1832 2248 Homerum
1848 2224 1910 2247 non
1928 2213 2066 2255 repperi.
2102 2213 2164 2246 Sed

369 2268 451 2300 bene
474 2265 646 2309 Rzachius,
671 2269 725 2311 qui
749 2269 809 2301 hoc
833 2269 961 2310 quidem
986 2270 1055 2302 loco
1079 2268 1242 2311 digamma
1263 2277 1334 2302 esse
1357 2271 1520 2301 servatum
1544 2270 1664 2308 censet,
1688 2266 1921 2301 demonstravit
1936 2266 2017 2309 (hes.
2034 2266 2165 2300 Unters.

368 2335 399 2366 p.
416 2323 473 2364 27)
497 2332 611 2357 earum
636 2331 760 2362 vocum,
785 2331 868 2362 quae
891 2321 924 2353 in
949 2325 1015 2354 tres
1039 2322 1152 2354 breves
1177 2321 1319 2363 syllabas
1344 2324 1469 2359 exeant,
1493 2323 1668 2354 extremam
1692 2320 1760 2353 solo
1783 2320 1865 2352 arsis
1881 2320 2003 2361 impetu
2019 2319 2165 2361 produci.

369 2376 457 2410 Idem
482 2378 547 2410 iam
572 2376 663 2418 prius
689 2373 800 2408 docuit
825 2373 1005 2407 Ahrensius
1029 2373 1157 2415 (Philol.
1176 2375 1231 2407 IV.
1256 2384 1287 2415 p.
1305 2374 1368 2406 592
1382 2373 1445 2415 sq.)
1469 2391 1509 2396 -

531 2499 565 2530 ¹⁵)
588 2498 669 2524 Hunc
688 2497 780 2524 locum
798 2496 874 2531 apud
893 2495 1047 2523 Rzachium
1064 2504 1119 2522 non
1138 2497 1257 2530 repperi.
