2313 3094
993 322 1212 355 -29-

208 412 286 456 307)
309 413 414 451 ὠκέας
428 413 541 451 ἵππους
564 412 596 446 Γ
600 414 664 447 263
688 414 800 448 Ε240.
817 415 891 449 261.
915 416 979 450 275
1002 419 1062 450 etc.
1086 436 1129 441 —
1152 417 1230 460 309)
1254 419 1381 462 ἅρματα
1405 420 1563 465 κολλήεντ’
1590 420 1689 453 0389
1714 420 1874 464 (ναύμαχα
1898 419 1995 461 ἅ.)-

207 465 286 506 314)
311 466 463 509 πλήθοντι
485 464 599 501 ἐοικώς
623 465 732 498 Ε87“.
758 485 799 489 -
1881 490 1884 492 ·

367 516 504 549 Omnino
528 520 636 549 autem
661 518 711 550 vix
735 519 867 560 quintus
891 520 1028 562 quisque
1053 531 1162 555 versus
1186 523 1280 556 huius
1303 525 1405 565 partis
1428 524 1460 556 in
1478 523 1645 557 formulam
1662 524 1857 557 homericam
1876 524 1995 557 desinit

207 569 260 611 (ex
285 570 346 601 176
371 569 518 603 versibus
541 569 609 611 35).
655 569 718 603 Sed
742 576 940 613 quantopere
963 573 1041 606 haec
1071 585 1146 616 pars
1168 585 1188 608 a
1211 586 1357 609 sermone
1387 577 1546 610 homerico
1575 577 1718 615 recedat,
1750 578 1888 609 maxime
1919 577 1992 609 inde

204 624 350 662 apparet,
373 621 459 662 quod
483 621 537 654 illa
559 622 689 663 quidem
713 624 841 656 circiter
863 624 906 656 48
931 626 1087 659 vocabula
1109 637 1171 660 non
1195 628 1356 661 homerica
1384 629 1535 661 continet.
1581 629 1669 668 Quae
1700 629 1851 670 deinceps
1879 628 1991 668 affero,

205 683 245 706 ne
268 673 342 715 quis
363 673 542 716 existimet,
571 676 723 708 maiorem
746 677 860 710 horum
885 688 1052 712 numerum
1076 689 1114 712 ex
1137 680 1308 714 insolentia
1331 682 1469 723 quadam
1493 682 1673 723 argumenti
1697 683 1859 724 consequi.
1907 681 1992 715 Sunt

206 726 290 758 enim
313 726 405 759 haec:

367 778 443 819 141)
468 780 583 822 τιτάνῳ
606 799 650 803 -
675 781 751 822 142)
777 781 960 824 ὑπολαμπές
984 802 1022 806 —
1052 784 1127 825 144)
1151 785 1283 827 φατειός
1306 808 1347 813 -
1374 786 1450 825 145)
1475 785 1603 827 ἔμπαλιν
1637 805 1677 809 -
1713 788 1783 818 147.
1810 787 1884 819 230.
1910 787 1988 829 250)

206 829 420 874 ἀπλήτωνη-
448 830 518 862 156.
544 831 617 863 210.
643 832 715 864 257.
742 833 820 873 286)
844 833 977 865 ἐθύνεον
1002 853 1040 857 --
1069 836 1144 876 166)
1169 837 1312 878 στίγματι
1335 856 1377 860 -
1410 838 1484 878 170)
1509 838 1656 880 ὁμιληδόν
1687 857 1727 861 -
1761 840 1837 879 171)
1862 839 1989 870 οὐδέτε-

202 893 256 924 ροι
274 900 317 905 -—
342 882 419 923 186)
433 882 644 928 μελαγχαίτης
667 903 708 907 -
735 885 811 927 189)
835 885 1006 930 συναΐγδην
1032 906 1066 909 —
1099 888 1174 929 190)
1198 888 1381 931 ὠριγνῶντο
1398 907 1439 911 ——
1458 890 1533 930 192)
1557 889 1739 933 ἐναρφύρος
1754 910 1798 915 -
1814 891 1892 933 208)
1912 903 1988 923 παν-

207 934 312 978 έφθου
337 954 380 959 -
404 936 481 978 211)
506 936 767 979 ἀναφυσιόωντες
789 957 831 962 -
856 939 934 981 212)
958 938 1092 977 ἔλλοπας
1117 959 1156 964 —
1182 941 1260 982 215)
1286 942 1528 986 ἀμφίβληστρον
1555 963 1595 967 -
1620 943 1697 984 224)
1722 944 1833 985 κίβισις
1850 963 1890 967 —
1909 944 1986 985 225)

205 989 427 1032 κατῃωρεῦντο
457 1007 499 1012 -
529 989 606 1031 230)
631 989 762 1034 ἄπλητοι
791 1010 834 1014 -
863 991 941 1032 230)
966 991 1065 1034 φαταί
1091 1011 1135 1016 —-
1164 993 1241 1034 231)
1272 994 1453 1036 ἀδάμαντος
1481 1013 1522 1018 -
1554 995 1631 1036 234)
1664 996 1874 1039 α’πηωρεῦντο
1907 996 1985 1030 ibid.

206 1038 438 1081 ἐπικυρτώοντε
463 1059 502 1063 -
528 1040 605 1082 235)
629 1041 777 1085 λίχμαζον
802 1042 879 1074 ibid.
903 1042 1086 1086 ἐχάρασσον
1110 1064 1150 1068 -
1176 1046 1253 1087 250)
1278 1046 1428 1078 δεινωποὶ
1441 1066 1482 1070 -—
1506 1047 1582 1088 258)
1602 1048 1756 1090 ὑφήσσων
1777 1067 1813 1070 —-
1833 1049 1911 1089 262)
1930 1047 1986 1079 θυ-

206 1091 348 1134 μηνάσαι
371 1110 413 1115 —-
437 1093 515 1133 266)
539 1094 740 1137 γουνοπαχής
764 1113 804 1117 -
837 1095 915 1135 267)
936 1095 1034 1137 μύξαι
1065 1116 1106 1120 -
1139 1098 1216 1139 268)
1241 1101 1396 1141 σεσαρυῖα
1429 1118 1468 1122 —
1500 1100 1578 1140 269)
1603 1100 1817 1144 κατενήνοθεν
1844 1119 1880 1123 —-
1908 1100 1986 1141 273)

204 1142 392 1184 ἐυσσώτρου
417 1160 458 1166 ——
482 1144 561 1184 281)
585 1145 733 1184 κώμαζον
758 1162 798 1167 -
824 1146 902 1186 283)
927 1146 1079 1191 αὐλητῆρι
1108 1167 1146 1171 -—
1179 1150 1256 1189 287)
1281 1150 1490 1193 ἐπιστολάδην
1520 1169 1561 1174 —
1593 1151 1671 1192 289)
1696 1151 1815 1194 πέτηλα
1839 1152 1916 1184 ibid.
1938 1164 1986 1181 κο-

200 1190 368 1236 ρυνιόεντα
395 1213 432 1217 -
458 1195 535 1237 291)
561 1194 682 1228 ἔπιτνον
711 1216 747 1219 -
773 1197 850 1239 293)
876 1199 1085 1243 τρυγητήρων
1110 1220 1152 1224 -
1175 1201 1252 1242 302)
1278 1201 1410 1245 ἑλκηδόν
1434 1222 1467 1226 -
1498 1203 1575 1244 306)
1598 1201 1724 1247 μόχθον
1756 1222 1793 1227 -
1830 1204 1908 1244 308)
1929 1216 1986 1248 χα-

204 1246 363 1283 λαίνοντες
386 1248 461 1280 ibid.
486 1247 709 1290 ἐπικροτέοντα
733 1268 774 1272 -
798 1250 876 1291 310)
902 1251 1001 1282 ἀΐδιον
1025 1271 1066 1276 —
1090 1253 1167 1293 311)
1192 1254 1354 1298 ἐπηνύσθη
1378 1274 1420 1278 -
1445 1255 1521 1296 316)
1548 1255 1790 1297 depmno‘rac.²⁹)

360 1298 575 1331 Transeamus
599 1309 684 1332 nunc
707 1300 747 1333 ad
771 1301 993 1343 quaestionem
1017 1304 1057 1336 de
1081 1304 1284 1346 digammate,
1309 1316 1413 1347 quam,
1438 1308 1522 1347 quod
1547 1308 1683 1340 imitatio
1700 1308 1815 1349 exigua
1833 1313 1890 1347 est,
1917 1309 1984 1342 bre-

203 1349 285 1382 viter
309 1350 475 1382 absolvere
498 1359 678 1390 possumus.

360 1402 389 1432 1.
424 1402 508 1435 Ante
532 1411 641 1435 vocem
664 1402 747 1440 ἄναξ
767 1403 886 1445 legitur
909 1407 1103 1448 praepositio
1127 1408 1209 1452 ἀμφί
1230 1409 1357 1451 integra
1380 1420 1409 1442 v.
1429 1411 1500 1443 179.
1538 1410 1599 1444 Sed
1622 1412 1876 1453 praepositiones
1894 1413 1984 1456 ἀμφί,

201 1454 282 1495 ἀντί,
309 1454 402 1497 προτί
430 1454 514 1494 ποτέ,
546 1454 598 1487 ἐπί
618 1457 804 1496 saepissime
829 1459 969 1492 vocalem
993 1459 1121 1493 finalem
1145 1470 1274 1494 servare
1298 1466 1384 1494 recte
1406 1461 1618 1496 Hoffmannus
1642 1473 1700 1495 nos
1724 1465 1816 1497 docet
1846 1466 1985 1506 (quaest.

200 1506 284 1538 hom.
302 1507 327 1538 I.
351 1517 381 1548 p.
400 1506 466 1548 83).
512 1506 685 1541 Praeterea
708 1510 891 1544 conferatur
915 1511 996 1555 ἀμφὶ
1026 1511 1144 1544 ἄνακτα
1169 1513 1202 1544 M
1218 1508 1279 1545 139
1311 1515 1342 1546 in
1372 1514 1483 1547 eadem
1514 1524 1626 1547 versus
1657 1516 1733 1548 sede
1764 1521 1796 1548 et
1825 1515 1855 1548 Y
1861 1517 1928 1549 404
1952 1518 1983 1550 in

204 1560 316 1599 quinto
340 1560 431 1600 pede.
479 1560 515 1592 In
539 1570 635 1593 versu
667 1565 773 1594 autem
798 1563 862 1595 226
886 1560 958 1606 ’περὶ
987 1566 1192 1607 κροτάφοισιν
1221 1565 1353 1602 ἄνακτος
1383 1576 1422 1598 ne
1450 1570 1518 1599 tum
1549 1568 1692 1608 quidem,
1717 1578 1815 1609 quum
1840 1581 1855 1600 ν
1879 1571 1985 1610 ephel-

198 1611 341 1651 cysticon
365 1612 551 1652 delevimus,
575 1613 615 1645 de
639 1614 832 1653 digammate
856 1616 1061 1657 cogitandum
1086 1620 1144 1656 est,
1168 1618 1254 1658 quod
1278 1617 1378 1650 dativi
1401 1619 1432 1650 in
1456 1630 1505 1649 -σι
1529 1623 1681 1651 exeuntes
1705 1621 1790 1661 apud
1808 1621 1982 1654 Homerum

199 1662 327 1704 saepius
350 1667 426 1696 ante
449 1673 559 1697 vocem
583 1664 666 1702 ἄναξ
686 1670 868 1699 occurrunt.

357 1716 387 1746 2.
421 1716 566 1756 Formae,
590 1727 674 1758 quae
696 1720 859 1758 pertinent
881 1720 922 1752 ad
946 1720 1087 1753 radicem
1104 1721 1172 1762 fed,
1196 1722 1279 1754 duae
1302 1726 1488 1763 comparent
1512 1724 1656 1756 versibus
1682 1725 1744 1756 166
1761 1729 1792 1757 et
1809 1726 1881 1757 224.
1918 1727 1979 1759 Sed

198 1770 313 1801 neutra
336 1768 428 1801 nobis
452 1767 657 1802 offensionem
682 1771 824 1812 praebet.
872 1772 1007 1814 Legitur
1030 1771 1166 1806 enimv.
1193 1774 1255 1805 166
1279 1773 1325 1810 ὣς
1349 1773 1508 1817 ἐπέφαντο
1533 1775 1624 1815 ἰδεῖν,
1649 1786 1711 1817 quo
1735 1778 1803 1810 loco
1828 1779 1905 1811 satis
1930 1788 1979 1811 su-

197 1828 318 1859 perque
341 1820 448 1852 hiatus
472 1830 607 1853 caesura
630 1823 791 1855 trochaica
815 1828 996 1856 excusatur.
1035 1826 1150 1857 Hiatus
1174 1829 1292 1863 autem,
1317 1826 1372 1866 qui
1397 1830 1446 1857 est
1469 1836 1497 1858 v.
1515 1827 1579 1857 224
1604 1828 1711 1869 θαῦμα
1735 1828 1860 1860 ἰδέσθαι
1883 1830 1980 1863 offen-

197 1871 274 1905 dere
297 1881 360 1904 non
382 1874 499 1913 potest,
522 1882 620 1914 quum
644 1874 726 1907 hanc
750 1875 934 1909 sollemnem
958 1886 1028 1909 esse
1051 1876 1218 1909 formulam
1242 1877 1434 1911 homericam
1451 1879 1513 1911 iam
1531 1888 1627 1921 supra
1643 1880 1979 1915 demonstraverimus.

354 1925 384 1957 3.
420 1923 575 1966 Sequitur
597 1930 634 1958 ut
656 1937 790 1968 agamus
821 1928 860 1961 de
891 1940 966 1962 voce
997 1928 1091 1972 ἔργον
1122 1935 1154 1963 et
1184 1930 1351 1963 similibus.
1399 1931 1518 1971 Locos,
1548 1933 1602 1965 ubi
1633 1933 1791 1966 adiectiva
1820 1937 1978 1975 quaedam

197 1979 271 2009 ante
294 1976 428 2008 sormam
453 1975 547 2018 ἔργον
570 1977 786 2016 inveniuntur,
810 1982 987 2019 praeterire
1011 1981 1089 2012 mihi
1112 1981 1201 2020 licet,
1231 1983 1382 2022 quoniam
1414 1984 1541 2022 saepius
1574 1984 1613 2016 de
1644 1985 1801 2018 eiusmodi
1831 1987 1977 2020 formulis

197 2028 271 2060 dixi.
317 2028 400 2061 Sunt
421 2031 530 2061 autem
553 2038 582 2061 v.
609 2029 682 2061 297.
707 2030 770 2062 313
795 2031 889 2063 κλυτὰ
913 2030 993 2075 ἔργα
1017 2042 1044 2065 ν.
1072 2033 1132 2065 165
1158 2032 1306 2076 θαύματα
1331 2033 1419 2078 ἔργα.
1467 2036 1558 2075 Quod
1583 2041 1689 2071 tamen
1714 2039 1836 2080 legitur
1858 2050 1886 2073 v.
1913 2042 1977 2074 244

196 2079 314 2123 ζωῇσιν
337 2080 445 2120 ἴκελαι,
469 2079 548 2123 ἔργα
572 2083 650 2114 satis
674 2086 845 2116 excusatur
868 2093 1002 2117 caesura
1025 2086 1251 2126 semiquinaria
1275 2090 1307 2118 et
1330 2087 1413 2119 idem
1438 2088 1656 2129 diphthongus
1680 2102 1711 2121 αι
1735 2092 1846 2125 eodem
1864 2103 1977 2127 versus

196 2132 264 2164 loco
287 2135 362 2164 ante
385 2130 480 2173 ἔργον
503 2133 692 2172 producitur
715 2145 742 2164 ω
756 2135 807 2166 75.

352 2184 382 2215 4.
416 2182 545 2217 Deinde
569 2185 660 2218 nobis
683 2186 852 2219 dicendum
876 2192 925 2220 est
949 2188 988 2220 de
1011 2189 1139 2229 formis,
1164 2200 1246 2231 quae
1269 2191 1418 2224 oriuntur
1441 2204 1457 2225 e
1482 2194 1591 2227 radice
1608 2196 1673 2236 fex.
1721 2197 1869 2230 Occurrit
1893 2199 1976 2231 enim

194 2246 223 2269 v.
240 2237 304 2268 215
328 2235 538 2278 ἀπορρίψοντι
562 2236 673 2274 ἐοικώς
697 2239 759 2270 228
784 2238 940 2281 ἐρρίγοντι
964 2240 1084 2278 ἐοικώς.
1120 2241 1242 2274 Harum
1267 2242 1476 2277 formularum
1501 2251 1576 2279 sunt
1600 2248 1779 2281 simillimae
1803 2260 1869 2290 eae,
1893 2260 1976 2291 quae

191 2288 397 2329 reperiuntur
420 2288 520 2321 0586
540 2289 672 2332 ῥέξαντι
700 2290 826 2330 ἐοικώς,
864 2291 894 2322 Ψ
905 2291 970 2324 430
993 2292 1090 2325 ἀίοντι
1120 2293 1231 2331 ἐοικώς
1255 2295 1347 2327 λ607
1371 2297 1520 2337 βαλέοντι
1551 2298 1663 2337 ἐοικώς
1694 2313 1714 2332 σ
1733 2302 1796 2334 240
1824 2302 1976 2344 μεθύοντι

348 2426 384 2461 29)
404 2427 524 2455 Fietkau
543 2430 577 2456 39
596 2429 730 2457 vocabula
747 2439 801 2457 non
819 2430 958 2459 homerica
976 2436 1116 2463 numeram
1141 2433 1232 2460 omisit
1251 2436 1323 2462 enim
1341 2436 1428 2463 haec:
1460 2439 1519 2471 142)
1540 2438 1697 2470 ὀπολαμπές
1724 2455 1754 2459 -
1782 2441 1843 2473 234)
1864 2441 1974 2476 ἐπικυρ-

192 2470 300 2496 τώοντε
323 2486 358 2490 -
380 2472 444 2505 235)
463 2471 594 2507 λίχμαζον
620 2489 653 2494 -
678 2475 741 2508 258)
761 2474 894 2510 ὑφήσσων
929 2492 960 2495 -
995 2477 1058 2509 262)
1076 2477 1235 2511 θυμηνάσαι
1263 2494 1286 2497 -
1318 2481 1382 2513 215)
1401 2480 1615 2516 ἀμφίβληστρον
1645 2498 1670 2501 -
1700 2485 1764 2515 268)
1783 2486 1922 2518 σεσαρυῖα
1944 2501 1975 2505 -

192 2515 256 2547 281)
274 2513 401 2546 κώμαζον
422 2530 456 2535 -
474 2516 537 2551 311)
557 2516 711 2552 ἐπηνύσθη.
