2313 3094
977 300 1192 333 -37-

352 395 389 431 Si
411 395 524 431 eodem
546 395 640 430 modo
661 404 726 439 qno
749 397 846 430 antea
867 395 1010 438 singulas
1031 399 1140 439 partes
1162 397 1246 433 inter
1268 384 1550 442 se'comparamus
1565 399 1650 434 hunc
1665 399 1808 442 partium
1823 398 1970 432 ordinem

193 457 266 487 esse
293 448 457 488 videmus,
487 452 524 483 ut
553 449 698 492 proxima
719 449 926 498 adhcarmina
947 448 1118 484 Homerica
1139 451 1271 485 accedat
1293 452 1390 486 tertia
1411 461 1503 495 pars,
1533 452 1615 486 hanc
1639 451 1790 493 deinceps
1813 452 1970 493 sequatur

195 501 301 544 prima
321 510 398 545 pars
420 505 455 536 et
476 511 592 544 agmen
614 503 745 538 claudat
766 501 869 536 altera
891 511 978 545 pars.
1023 503 1106 536 Nam
1128 503 1210 538 hanc
1232 505 1375 539 tabulam
1397 514 1556 548 propono:

259 562 413 598 Continet
498 573 548 598 vv.
660 573 700 597 ex
722 563 815 598 Hom.
839 566 957 606 sumpt.
1090 575 1139 598 vv.
1162 566 1195 599 in
1218 566 1308 600 form.
1332 577 1380 600 ex.
1591 567 1702 601 vocab.
1727 576 1790 601 non
1814 565 1909 599 Hom.

196 615 230 658 1)
251 626 302 659 pr.
323 624 401 658 pars
422 616 487 658 (vv.
503 617 560 658 57)
650 639 953 649 ..........
976 616 999 648 0
1036 640 1401 650 ............
1447 619 1490 651 30
1528 642 1898 651 ............
1947 618 1968 650 8

195 666 230 710 2)
252 675 316 703 sec.
338 677 415 711 pars
437 669 501 712 (vv.
519 669 596 712 176)
647 692 952 702 ..........
976 669 996 701 5
1035 692 1402 702 ............
1447 670 1491 703 34
1513 690 1901 702 .............
1924 670 1968 702 48

195 719 229 763 3)
253 722 327 755 tert.
349 731 427 764 pars
449 722 513 766 (vv.
529 722 608 765 246)
644 754 649 759 ,
651 745 954 754 ..........
979 722 999 754 9
1037 745 1403 755 ............
1429 722 1492 756 109
1529 746 1900 755 ............
1924 721 1967 755 36

350 783 492 824 Quarum
508 785 648 827 partium
664 784 762 818 tertia
783 783 914 818 Homeri
935 783 1098 818 imitatore
1113 785 1251 827 quodam
1266 785 1452 827 dignissima
1464 794 1535 819 esse
1558 784 1693 819 videtur.
1729 784 1861 820 Alterae
1884 784 1967 819 duae

191 837 301 878 partes
316 836 357 870 ab
372 835 436 871 alio
452 841 556 879 poeta,
574 836 636 871 alio
659 836 739 877 loco,
763 835 836 870 aliis
859 836 1058 879 temporibus
1080 841 1178 879 atque
1200 838 1297 872 tertia
1319 841 1410 873 ortae
1433 848 1504 873 esse
1527 837 1604 872 mihi
1627 838 1789 873 videntur.
1824 837 1889 872 Sed
1912 837 1966 872 ubi

193 891 252 922 aut
273 897 339 929 qua
360 892 467 924 aetate
491 893 582 924 ortae
604 889 679 928 sint,
701 898 795 923 nemo
818 889 1014 924 constituere
1034 889 1175 924 audebit.

350 1046 513 1081 Summam
536 1057 656 1088 eorum,
679 1057 763 1090 quae
785 1047 817 1081 in
841 1047 903 1081 hac
924 1048 1190 1082 commentatione
1211 1049 1352 1091 exposui,
1375 1058 1460 1082 nunc
1482 1047 1625 1083 breviter
1647 1050 1775 1090 repeto:

348 1098 374 1132 1.
408 1099 498 1140 Quae
519 1099 553 1133 in
576 1099 737 1142 Operibus
760 1102 793 1133 et
815 1098 940 1133 Diebus
962 1103 1060 1141 atque
1083 1099 1182 1137 Scuto
1197 1101 1344 1134 Herculis
1367 1103 1494 1134 exstare
1516 1100 1667 1134 videntur
1688 1100 1816 1142 priscae
1837 1099 1966 1141 linguae

193 1151 347 1194 vestigia.
377 1161 416 1186 ea
437 1162 500 1186 non
524 1155 601 1186 sunt
623 1153 753 1194 propria
775 1150 826 1185 his
849 1152 1052 1194 carminibus,
1075 1153 1132 1187 sed
1155 1153 1257 1196 petita
1279 1163 1318 1188 ex
1341 1153 1487 1196 Odyssea
1508 1155 1542 1188 et
1564 1152 1680 1194 Iliade3
1716 1152 1854 1187 vidimus
1881 1152 1965 1186 enim

193 1204 352 1247 digamma
375 1215 437 1239 non
460 1214 532 1239 esse
554 1209 718 1239 servatum
741 1205 804 1238 nisi
826 1206 859 1238 in
882 1205 1025 1239 formulis
1047 1205 1236 1241 Homericis.
1282 1207 1371 1247 Quae
1393 1215 1491 1248 quum
1513 1207 1559 1241 ita
1581 1207 1648 1240 sint
1669 1209 1757 1241 certe
1786 1216 1825 1240 ex
1847 1206 1966 1248 digam-

192 1262 278 1293 mate
301 1262 428 1293 servato
451 1259 539 1293 nullo
561 1259 632 1293 iure
656 1259 815 1302 colligitur
836 1259 915 1294 haec
937 1259 1078 1294 carmina
1100 1259 1214 1295 ultima
1235 1262 1428 1304 antiquitate
1451 1271 1522 1296 esse
1545 1264 1667 1296 exorta.

349 1312 390 1345 ΙΙ.
425 1311 561 1345 Omnino
584 1315 692 1345 autem
715 1313 794 1345 haec
817 1312 958 1345 carmina
980 1313 1072 1354 quasi
1095 1323 1133 1346 ex
1155 1313 1296 1346 Homero
1320 1314 1469 1354 pendent,
1493 1324 1592 1355 quum
1615 1317 1665 1347 tot
1680 1313 1893 1352 hemistichia,
1918 1316 1967 1345 tot

192 1364 344 1399 formulas
364 1364 505 1399 indidem
528 1364 630 1407 petita
653 1363 847 1398 contineant.
893 1364 955 1398 Sed
978 1364 1064 1398 sicut
1086 1365 1227 1399 eiusdem
1251 1365 1399 1400 carminis
1422 1366 1504 1400 aliae
1535 1368 1644 1409 partes
1675 1365 1716 1399 ab
1746 1364 1819 1399 aliis
1849 1365 1965 1398 discre-

191 1422 278 1459 pant,
302 1419 347 1451 sic
370 1418 497 1459 singula
519 1417 661 1450 carmina
684 1427 747 1450 non
770 1418 882 1450 eodem
905 1418 975 1450 iure
990 1417 1131 1450 Hesiodo
1155 1421 1212 1450 aut
1234 1418 1262 1450 si
1285 1419 1357 1459 quis
1379 1418 1463 1451 alius
1486 1428 1526 1451 ea
1548 1418 1737 1459 composuit,
1761 1418 1967 1458 tribuuntur3

191 1470 373 1513 exprimunt
394 1470 477 1504 enim
500 1470 694 1505 homericum
717 1479 818 1512 genus
841 1469 967 1504 dicendi
989 1469 1053 1502 duo
1075 1469 1177 1511 magis
1205 1478 1300 1511 quam
1332 1468 1517 1512 tertium-²³²)
1563 1468 1630 1502 Iam
1660 1478 1743 1512 quae
1773 1469 1856 1503 ratio
1885 1469 1969 1503 inter

191 1523 318 1564 singula
340 1524 482 1557 carmina
504 1524 666 1557 Hesiodea
688 1527 721 1557 et
742 1524 918 1556 Homerum
941 1522 1128 1560 intercedat,
1152 1522 1232 1555 bene
1256 1523 1392 1564 perspici
1415 1525 1523 1564 potest
1545 1532 1584 1556 ex
1606 1522 1666 1556 hac
1688 1522 1813 1556 tabula:

213 1583 365 1616 Continet
454 1593 503 1616 vv.
682 1593 721 1616 ex
743 1583 836 1616 Hom.
861 1585 978 1624 sumpt.
1108 1593 1178 1618 (vv.
1202 1584 1234 1616 in
1257 1583 1347 1617 form.
1372 1587 1501 1617 exeunt.
1650 1593 1718 1617 voc.
1743 1593 1808 1617 non
1831 1583 1924 1616 Hom.

191 1636 356 1678 Tbegonia
379 1636 442 1679 (vv.
461 1636 559 1678 1022)
649 1660 936 1668 ............
961 1635 1003 1668 22
1072 1660 1468 1669 ................
1492 1637 1555 1669 417
1618 1659 1879 1668 ...........
1907 1635 1968 1668 158

191 1688 251 1730 Op.
276 1691 309 1722 et
331 1688 419 1723 Dies.
444 1689 508 1731 (vv.
525 1689 603 1730 828)
651 1712 939 1721 ............
988 1690 1004 1720 1
1075 1712 1465 1724 ................
1490 1689 1555 1721 270
1616 1712 1828 1721 .........
1847 1700 1854 1707 ·
1871 1712 1878 1718 .
1904 1688 1967 1719 296

192 1739 325 1774 Scutum
350 1741 413 1782 (vv.
431 1741 510 1782 480)
651 1764 939 1772 ............
966 1741 1007 1772 14
1074 1765 1464 1774 ................
1491 1741 1552 1773 173
1614 1764 1877 1773 ...........
1925 1739 1966 1771 92

346 1802 395 1834 Ex
424 1802 484 1835 hac
514 1802 624 1835 tabula
651 1804 741 1843 patet
770 1802 916 1843 proxime
944 1801 1096 1835 accedere
1124 1801 1165 1834 ad
1188 1801 1363 1835 Homerum
1394 1801 1472 1834 illud
1496 1811 1640 1841 carmen,
1671 1801 1757 1843 quod
1780 1801 1967 1833 inscribitur

190 1853 324 1888 Scutum
339 1853 487 1887 Herculis
511 1857 544 1887 et
566 1854 702 1887 maxime
724 1853 846 1886 distare
868 1852 960 1893 illud,
984 1853 1070 1895 quod
1093 1854 1279 1887 inscribitur
1295 1853 1402 1896 Opera
1425 1857 1457 1887 et
1473 1853 1557 1887 Dies.
1593 1854 1637 1887 Et
1652 1863 1751 1896 quum
1766 1853 1830 1887 iam
1846 1852 1966 1886 dudum

190 1907 250 1939 viri
273 1906 360 1939 docti
383 1906 598 1939 intellexerint
622 1906 754 1940 Scutum
778 1905 925 1939 Herculis
948 1906 1089 1938 Hesiodo
1113 1905 1222 1938 deberi
1245 1914 1308 1938 non
1332 1914 1440 1946 posse,
1469 1905 1544 1937 mihi
1569 1906 1697 1947 quidem
1721 1905 1801 1938 satis
1825 1914 1967 1946 compro-

191 1959 301 1993 batum
325 1960 384 2000 est,
408 1957 486 1992 illud
510 1967 637 1992 carmen
660 1958 724 1992 alia
746 1960 852 1991 aetate
874 1960 979 1990 ortum
1003 1966 1074 1990 esse
1096 1959 1193 1998 atque
1216 1960 1333 1990 cetera.
1372 1956 1434 1989 Sed
1457 1957 1574 1999 quibus
1598 1957 1795 1999 temporibus
1818 1956 1862 1989 sit
1884 1965 1967 1989 com-

190 2013 330 2054 positum
353 2012 449 2045 certis
472 2011 564 2045 lineis
587 2010 711 2044 definiri
734 2019 797 2043 non
821 2012 944 2051 potest,
974 2013 1007 2043 et
1030 2013 1167 2051 augetur
1190 2010 1269 2043 haec
1293 2008 1482 2048 difficultas,
1509 2010 1596 2050 quod
1620 2009 1754 2044 Scutum
1777 2009 1925 2043 Herculis
1950 2020 1967 2042 e

192 2063 329 2098 diversis
351 2063 546 2097 carminibus
569 2065 737 2096 consutum
760 2070 832 2095 esse
854 2061 990 2095 videtur.

348 2181 384 2215 ³²)
403 2180 501 2208 Liceat
518 2180 585 2207 mihi
603 2180 655 2207 hoc
672 2179 732 2207 loco
751 2178 826 2207 illam
844 2185 953 2213 quoque
971 2178 1102 2213 tabulam,
1121 2185 1203 2212 quam
1222 2178 1250 2205 in
1268 2178 1321 2206 fine
1340 2178 1540 2206 dissertationis
1558 2187 1636 2207 meae
1655 2179 1767 2214 subieci,
1787 2180 1896 2207 addere.
